3617 5892
973 642 1013 708 le

401 832 515 903 inm,
537 823 582 889 ita
612 819 814 887 confirmatur
842 817 972 904 egregio
996 815 1057 882 hoc
1083 813 1200 881 diserto
1219 815 1362 901 ejnedem
1390 816 1558 903 scriptoris

422 930 576 1008 monito,
597 928 812 993 Ptolemaeum
848 945 885 988 ex
913 922 1060 988 omnibns
1093 919 1205 987 Indiae
1239 920 1425 989 fluminibus
1456 922 1558 989 solius

422 1252 547 1315 manticis,
558 1264 625 1315 qaae
639 1249 776 1313 dicuutur,
786 1247 895 1311 negotiis
910 1252 939 1299 et
951 1248 1090 1297 amicorum
1101 1246 1287 1297 consuetudine
1298 1246 1380 1297 lenior
1393 1245 1476 1297 multo
1490 1244 1556 1297 tine·

424 1338 475 1391 bat.
499 1338 602 1400 Contra,
620 1335 645 1385 si
661 1335 756 1384 librum
775 1334 787 1383 1
806 1338 920 1400 metas,
935 1334 1012 1398 longe
1031 1334 1080 1383 alia
1094 1337 1198 1383 retest.
1216 1332 1297 1397 liujus
1310 1338 1340 1381 nt
1355 1332 1438 1398 potior
1452 1348 1513 1397 pars
1528 1332 1556 1381 in

422 1422 498 1473 bellis
512 1421 667 1488 proeliisque
682 1418 856 1469 describendis
873 1424 996 1482 versatur,
1014 1420 1049 1467 ita
1066 1423 1120 1468 toto
1141 1418 1188 1467 illo
1207 1417 1272 1468 libro
1289 1418 1409 1467 Arrianus
1426 1434 1556 1483 nusquam

423 1508 562 1558 Aristobuli
577 1506 706 1569 meminit,
725 1505 768 1553 sed
784 1506 861 1554 unice
875 1506 907 1554 sd
921 1505 1061 1557 Ptolemaei
1074 1504 1251 1553 auctoritatem
1266 1507 1395 1569 provocat.
1421 1505 1509 1569 lleque
1528 1503 1557 1553 id

421 1594 485 1644 adeo
500 1594 600 1643 mirum.
628 1592 698 1657 Quod
714 1592 782 1641 enim
797 1592 828 1640 de
845 1589 991 1640 Aristobulo
1009 1606 1057 1639 nec
1074 1594 1173 1639 certum
1191 1593 1291 1639 estnec
1308 1573 1502 1653 verisimile,¹id
1521 1590 1556 1639 de

419 1679 567 1744 Ptolemaeo
590 1682 704 1742 constat,
731 1677 791 1727 inde
814 1693 829 1727 a
851 1678 931 1742 prima
953 1676 1111 1742 expeditione
1133 1690 1191 1724 eum
1215 1674 1331 1724 omnibus
1347 1676 1400 1725 iere
1418 1675 1557 1725 Alexandri

419 1766 497 1815 rebus
516 1765 597 1830 gestis·
617 1770 776 1829 praesentem
801 1763 962 1825 interfuisse,
984 1762 1113 1811 interdum
1134 1762 1209 1811 etiarn
1225 1762 1282 1824 ejus
1296 1762 1371 1825 jussu
1386 1762 1481 1811 bellum
1498 1762 1553 1812 alio

422 1850 589 1900 transtulisse.
613 1850 711 1914 Verbo,
725 1850 790 1906 libri
804 1851 817 1898 1
832 1853 1011 1913 argumentum
1027 1848 1059 1897 ab
1079 1848 1186 1897 Arriano
1204 1847 1334 1897 maximam
1350 1853 1447 1912 partem
1462 1846 1552 1911 ePto·

421 1936 512 1985 lemoei
530 1936 715 1985 commentariis
731 1950 875 2000 expressum
897 1952 963 1985 reor.
997 1935 1033 1983 Gi,
1057 1934 1161 1983 Geierus
1181 1950 1207 1999 p.
1227 1930 1270 1983 76.
1300 1932 1373 1998 Quod
1392 1950 1444 1982 non
1462 1932 1552 1983 dubito

365 2074 368 2080 ,
422 2024 485 2088 quin
500 2027 616 2087 apertum
638 2013 719 2086 toret,
737 2023 759 2070 si
774 2022 862 2072 Strabo
880 2027 907 2071 et
927 2020 1095 2084 Plutarchus,
1113 2024 1143 2069 ut
1157 2035 1227 2069 nuno
1244 2004 1354 2083 uterque
1369 2020 1447 2069 semel
1463 2020 1553 2071 Ptole-

420 2112 664 2158 meeurnauctorem
682 2107 799 2173 laudant,
821 2109 894 2173 plura
917 2108 1057 2170 fragmenta
1074 2107 1130 2170 ejus
1146 2106 1248 2155 nomine
1270 2106 1428 2170 proterrent,
1447 2106 1569 2169 quibus·-

421 2208 480 2241 cum
494 2192 592 2241 Arriani
608 2192 792 2257 descriptiones
810 2196 914 2258 possent
931 2193 1086 2256 comparari3
1105 2192 1131 2240 id
1147 2191 1215 2255 quod
1231 2206 1301 2239 nunc
1319 2191 1360 2239 vel
1379 2191 1478 2240 duobus
1495 2191 1553 2241 illis

419 2278 485 2327 loeis
498 2279 602 2341 egregie
618 2278 806 2344 comprobatur.
835 2281 902 2344 Quse
925 2279 994 2328 enim
1016 2293 1046 2327 ex
1062 2278 1209 2329 Ptolemaeo
1229 2277 1262 2326 de
1285 2276 1401 2326 Triballis
1418 2276 1552 2327 debellatis

420 2364 510 2412 Strabo
526 2365 628 2413 eoncise
645 2370 746 2415 enarrat
761 2368 858 2428 Preger,
877 2367 903 2429 1,
923 2365 1043 2430 prolixius
1064 2365 1131 2429 apud
1146 2364 1297 2428 Arriauum,
1314 2364 1358 2413 sed
1376 2363 1410 2413 ita
1426 2364 1552 2429 explican-

420 2454 478 2511 tur,
490 2453 520 2498 ut
533 2464 564 2499 ex
578 2450 668 2499 eodem
681 2452 751 2501 iente
765 2466 794 2501 ea
809 2452 890 2517 petita
901 2467 955 2502 esse
971 2451 1029 2500 luce
1046 2452 1080 2500 sit
1095 2450 1196 2499 clarius.
1216 2450 1288 2517 (Vide
1306 2453 1392 2499 annet.
1406 2450 1438 2499 ad
1449 2450 1550 2512 Pragm.

419 2532 500 2598 laud.)
524 2536 572 2600 Qui
596 2541 682 2604 autern
704 2537 832 2603 copiarum
857 2553 978 2588 numerus
1001 2537 1142 2587 Alexandro
1165 2538 1191 2585 in
1216 2536 1299 2585 Asiam
1324 2536 1460 2599 trqjioicnti
1482 2536 1553 2601 apud

419 2620 555 2671 Attianum
568 2623 651 2687 datur,
670 2624 802 2689 penlulum
816 2624 861 2673 iile
881 2625 1004 2674 recedens
1024 2641 1039 2673 a
1055 2623 1204 2673 recensione
1223 2622 1373 2684 Aristobuli,
1389 2636 1447 2669 eum
1463 2621 1555 2685 ipsum

419 2706 596 2758 aPtolemaeo
611 2710 689 2760 tuisse
709 2712 845 2772 traditum,
865 2710 1021 2761 Plutarchus
1036 2708 1147 2757 ostendit
1169 2710 1266 2770 Pragm.
1285 2708 1331 2757 1v.
1356 2708 1498 2757 cumrerum
1521 2706 1555 2755 li·

418 2791 523 2843 brorum
543 2810 623 2857 quum
643 2796 741 2845 incerta
758 2796 833 2861 plane
848 2795 881 2843 sit
900 2794 978 2856 ratio,
998 2810 1028 2843 ex
1042 2794 1096 2857 hie,
1116 2794 1236 2858 quoniam
1253 2793 1303 2843 hoo
1320 2794 1429 2857 agimus,
1445 2807 1476 2841 ea
1491 2796 1556 2841 tan-

418 2883 474 2927 tum
495 2878 628 2940 indicabo,
652 2896 717 2943 quas
738 2880 824 2943 aliqua
842 2894 901 2928 cum
921 2878 1099 2945 probabilitate
1123 2879 1267 2930 Ptolemaeo
1290 2866 1397 2945 possuht
1416 2878 1553 2929 vindicari.

418 2963 475 3011 liue
486 2962 565 3025 igitur
579 2979 594 3011 e
604 2963 671 3011 libro
680 2965 705 3013 ll
716 2965 798 3014 resero
815 2964 1012 3030 descriptionem
1022 2966 1112 3032 proelii
1124 2967 1155 3016 ad
1172 2968 1251 3016 Issum
1260 2965 1386 3015 commiesi
1396 2961 1431 3031 (⁷.
1442 2961 1458 3013 1
1473 2962 1553 3027 sqq),

417 3047 445 3095 in
459 3062 512 3109 quo
529 3052 594 3112 quot
608 3049 750 3099 ceciderint
760 3066 791 3099 ex
806 3050 953 3102 Ptolemaeo
971 3057 1119 3103 recensetur
1133 3050 1185 3119 (11.
1203 3052 1229 3102 8.
1248 3052 1345 3115 Pragm.
1364 3048 1405 3114 V).
1424 3050 1498 3099 Libro
1511 3052 1554 3105 111

412 3132 501 3180 eidem
519 3133 619 3182 ridetur
635 3135 723 3184 deberi
739 3137 849 3187 narratio
865 3138 897 3187 de
918 3138 1106 3204 oppugnatione
1120 3137 1239 3203 Pylarum
1256 3128 1365 3199 Perpidis
1382 3136 1434 3207 (18.
1454 3134 1553 3200 1-9.).

418 3217 492 3266 Libro
513 3219 547 3269 lv
571 3220 645 3285 plura
665 3222 766 3285 insunt,
789 3239 855 3287 quae
871 3224 1045 3275 Ptolemaeum
1069 3226 1200 3289 redolent,
1220 3226 1305 3293 prouti
1328 3240 1393 3289 quae
1415 3228 1552 3273 narrantur

316 3354 320 3359 ,
418 3301 450 3351 de
469 3298 599 3369 prodigio,
625 3310 694 3371 quod
716 3309 858 3360 Alexandro
886 3311 1044 3361 Ptolemaeus
1065 3313 1209 3374 nuntiarit,
1229 3312 1337 3361 duorum
1358 3310 1481 3373 sontium,
1499 3326 1553 3359 non

418 3392 509 3455 procul
527 3409 542 3441 a
559 3386 671 3443 tentorio
691 3395 827 3448 Alexandri
848 3413 927 3464 prope
952 3400 1031 3447 Oxum
1057 3398 1085 3449 fl.
1111 3402 1223 3448 ortorum
1248 3396 1299 3464 (15.
1316 3396 1347 3461 7,
1363 3396 1389 3447 8.
1407 3397 1443 3446 ct.
1458 3396 1551 3447 Itium

330 3489 335 3497 ⁴
418 3477 525 3529 Alam
550 3479 613 3529 linio
633 3481 694 3531 edit.
720 3480 841 3548 ticum:
867 3485 907 3549 de}
923 3484 1084 3551 expeditione
1106 3489 1196 3534 contra
1216 3485 1352 3548 Sogdianos
1370 3480 1421 3549 (16.
1438 3480 1455 3531 2
1473 3478 1551 3547 sqq),

417 3563 445 3611 in
462 3580 513 3628 qua
530 3566 690 3616 Ptolemaeus
715 3570 821 3633 quintae
845 3570 971 3619 exercitus
992 3571 1057 3637 parti
1074 3572 1198 3637 praeiuit3
1221 3570 1252 3621 de
1269 3570 1400 3621 Chorienis
1419 3583 1483 3633 rupe
1498 3565 1552 3635 (21.

410 3642 434 3694 ¹1
454 3646 529 3713 tqq·);
548 3652 581 3700 de
598 3652 719 3718 Aspasiis,
738 3656 842 3705 Guraeis
863 3661 890 3705 et
906 3657 1039 3707 Arsacenis
1061 3657 1195 3707 debellatis
1211 3656 1263 3724 (23.
1282 3656 1296 3705 1
1316 3655 1393 3721 sqq),
1414 3671 1465 3720 quo
1484 3658 1553 3703 tern-

419 3746 498 3815 pore,
513 3738 626 3799 quamvis
639 3738 729 3790 leviter
744 3743 871 3791 uu'ciatus
890 3745 918 3810 (l.
936 3744 953 3793 l.
971 3742 1022 3809 3.).
1037 3744 1216 3794 «Ptolemaeus
1231 3744 1353 3809 plurimas
1369 3742 1459 3804 urbes,
1473 3741 1557 3789 Alex-

411 3819 499 3869 ander
516 3824 634 3873 maximas
659 3828 748 3890 cepit»
779 3830 856 3895 (Cart.
879 3829 947 3879 Vlll.
966 3828 1007 3881 10.
1026 3828 1089 3893 Ph),
1113 3835 1140 3881 et
1158 3836 1213 3878 tum
1237 3830 1291 3879 aliis
1308 3827 1475 3889 facinoribus,
1495 3831 1556 3876 tum

417 3907 485 3956 duce
501 3908 622 3959 Indorum
639 3914 794 3964 ferocissimo
803 3917 988 3981 prosternendo
1010 3917 1131 3967 inclaruit
1151 3917 1257 3984 (Pragm.
1276 3914 1363 3979 xvh).
1388 3913 1556 3979 oppugnatio

419 3992 531 4057 denique
544 3998 614 4061 rupis
629 3998 707 4048 Aemi
721 4000 773 4067 (29.
791 3999 806 4049 1
823 3999 889 4065 sqq.)
901 4018 932 4051 eo
948 4002 1087 4067 explicatur
1103 4003 1192 4067 modo,
1210 4007 1240 4051 nt
1253 4002 1285 4051 ab
1306 4002 1360 4067 ipso
1375 4004 1556 4065 oppugnatore

420 4080 566 4131 Ptolemaeo
586 4099 639 4133 non
659 4088 738 4149 possit
751 4104 805 4138 non
820 4090 935 4155 prosecta
957 4106 1010 4139 esse
1028 4090 1148 4139 narratio.
1169 4116 1205 4127 -
1223 4089 1297 4137 libro
1314 4088 1337 4137 V
1352 4085 1556 4150 descriptionem

421 4180 564 4231 pugnarum
590 4169 710 4221 adversus
729 4174 788 4222 Pori
813 4175 895 4223 illium
914 4182 941 4225 et
954 4177 1045 4226 Porum
1064 4177 1147 4240 iprum
1164 4180 1291 4237 gestarum
1313 4165 1395 4240 (13.1
1415 4167 1481 4235 sqq.)
1502 4170 1558 4218 Ae-

422 4252 506 4303 riauus
527 4255 589 4304 item
611 4274 626 4307 a
647 4259 963 4323 Ptolemaeo,·Alexandri
982 4263 1009 4310 in
1035 4262 1083 4311 hac
1107 4262 1267 4328 expeditione
1291 4260 1400 4323 comite,
1427 4258 1447 4307 si
1468 4272 1556 4322 peuce

421 4352 520 4399 mutum
546 4347 690 4413 exceperis,
713 4348 838 4409 integram
863 4349 963 4414 accepit
986 4365 992 4396 :
1016 4364 1074 4396 nem
1101 4349 1148 4397 etsi
1179 4348 1254 4397 etiarn
1278 4344 1419 4395 Aristobuli
1441 4344 1556 4411 (Pragm.

421 4430 532 4496 xxxss.)
557 4435 716 4499 aliorumque
742 4434 857 4483 meminit
870 4432 938 4499 itit.
964 4432 994 4495 3,
1021 4432 1067 4497 A),
1091 4433 1237 4484 Ptolemaeo
1261 4436 1344 4481 tamen
1368 4447 1394 4481 se
1415 4431 1464 4479 hoc
1491 4428 1555 4480 loco

420 4521 565 4570 consentire
582 4526 690 4571 testatur
715 4522 821 4589 (Pragm.
839 4519 938 4583 xvii).
973 4520 1003 4569 ln
1022 4521 1153 4570 domandis
1170 4517 1256 4569 sutem
1272 4517 1385 4569 (lethaeis
1403 4530 1482 4580 quum
1503 4532 1554 4581 pa·

337 4607 339 4610 ’
421 4604 483 4654 riter
504 4606 661 4657 Ptolemaeus
683 4608 821 4673 plurimum
840 4607 1011 4657 Alexandrum
1028 4608 1158 4671 adjuverit
1179 4604 1232 4672 (2³.
1250 4603 1268 4653 7
1287 4601 1364 4670 sqq),
1388 4618 1440 4653 non
1456 4601 1556 4651 mirum

421 4693 442 4741 is
461 4694 505 4742 hic
525 4708 629 4758 qnoque
641 4694 768 4761 *Arrianus
789 4694 869 4764 illurn¹
881 4698 984 4744 secutus
1007 4692 1047 4744 sit.
1066 4718 1094 4731 -
1118 4693 1186 4756 Quae
1209 4691 1312 4741 tandem
1335 4690 1401 4739 libro
1418 4686 1454 4739 Vi
1471 4689 1555 4738 tecite
