3617 5892
953 737 1015 799 100

414 906 533 981 σάδων·
557 932 639 992 μετα
629 900 696 973 δ
717 897 842 988 δυσμάς
863 895 1038 992 Πληϊάδων
1054 901 1110 969 καλ
1132 891 1371 990 διατριψάντων
1391 894 1479 968 κατὰ
1492 895 1546 992 την

414 1008 550 1105 σ’ρεινην,
577 1008 611 1078 τίν
638 1032 674 1077 τε
694 1008 736 1097 τῇ
757 997 936 1075 Ἰππασίων
956 1005 1072 1073 καί
1031 1030 1071 1094 τῃ
1092 1004 1302 1074 Μουσικανοῦ
1321 1002 1377 1092 γῇ,
1399 998 1459 1071 τδν
1483 1028 1545 1088 χει

412 1119 516 1201 μῦνα·
543 1114 602 1181 τοῦ
628 1106 701 1179 δ
687 1106 783 1199 εἀρος
811 1100 1007 1199 ἀρχομένω,
1028 1098 1291 1196 καταβεβηκάτων
1312 1104 1360 1182 είς
1379 1099 1423 1172 τά
1443 1107 1544 1175 πεδία

412 1220 467 1287 καί
486 1208 580 1289 πόλιν
605 1206 725 1294 Τάξιλα
748 1205 927 1337 εῦμεηέθη,
942 1210 1091 1279 ἐντεῦθεν
1112 1203 1142 1277 6
1163 1210 1218 1277 ἐπί
1237 1200 1394 1327 Ὑδάσπην
1415 1210 1476 1275 καὶ
1494 1204 1544 1299 την

412 1313 534 1442 Πρίρου
560 1309 677 1409 χώραν.
709 1315 777 1383 Τοῦ
801 1312 860 1398 μὲν
887 1303 943 1381 οῦν
968 1316 1123 1399 χειμῶνος
1148 1307 1239 1402 ῦδωρ
1270 1304 1328 1379 οῦκ
1348 1249 1439 1393 ἰδεῖν,
1464 1307 1543 1379 ἀλλά
1611 1331 1612 1384 ,

411 1418 519 1510 χιόνας
544 1412 649 1505 μόνον,
677 1417 710 1485 ἐν
723 1416 760 1485 δὲ
775 1421 845 1493 τοῖς
866 1416 1016 1497 Ταξίλοις
1033 1417 1165 1535 πρῶτον
1179 1408 1332 1505 δοθῆναι.
1347 1414 1416 1485 Καὶ
1432 1411 1542 1504 ἐπειδὴ

410 1526 586 1653 καταβάσιν
606 1513 718 1591 ἐπὶ,
681 1545 736 1587 τον
754 1510 913 1609 Ὑδάσπην
939 1518 992 1584 καί
1013 1510 1159 1609 νικησασι
1178 1512 1233 1585 τδν
1253 1519 1384 1607 Πιῦρον,
1409 1508 1526 1594 δδδς
1506 1544 1541 1607 ην

410 1623 495 1721 πρδς
525 1626 568 1695 ἕω
600 1624 656 1692 ἐπὶ
680 1617 735 1691 τδν
753 1616 892 1699 Ὓ,πανιν
919 1614 1112 1709 κρίκεῖθεν
1094 1622 1151 1691 ατί
1177 1616 1232 1689 τδν
1258 1612 1418 1709 Ὑδάσπην
1439 1613 1536 1701 πάλιν,

410 1726 531 1799 ὕεσθαι
560 1728 715 1813 συνεχοῦς,
744 1725 798 1791 καί
822 1718 963 1810 μάλιστα
988 1730 1058 1801 τοῖς
1085 1723 1240 1815 ἐτησίαις·
1268 1722 1487 1801 ἐπιτείλανιος
1504 1722 1537 1790 δὲ

410 1837 470 1903 τοῦ
492 1822 698 1954 Ἀρκτούρου,
726 1826 898 1921 γενέσθαι
906 1828 1040 1895 παῦλαν.
1061 1827 1307 1919 Διατρίψαντας
1329 1827 1367 1894 δὲ
1388 1828 1469 1917 περὶ
1487 1820 1539 1916 τῆν
1611 1919 1612 1930 ¹

410 1932 624 2053 ναυπηγίαν
607 1932 663 1999 επὶ
682 1932 731 2016 τῷ
750 1912 910 2057 Υδάσπη,
932 1929 986 1996 καὶ
1006 1932 1098 1997 πλεῖν
1118 1922 1318 2050 ἀρξαμένους
1335 1953 1403 2019 προ
1395 1922 1537 2004 δῦσεως

410 2028 578 2128 Πληιάδας
604 2060 642 2101 ου
634 2024 851 2109 πολλαῖςι
830 2031 980 2123 ημίραις,
1008 2034 1064 2100 καί
1089 2026 1128 2156 66
1153 2024 1373 2124 φθινόπωρον
1400 2035 1461 2099 πᾶν
1481 2032 1533 2097 καί
1611 2065 1612 2072 1

410 2135 467 2209 τδν
491 2138 632 2225 χειμιῦνα
657 2135 710 2203 καὶ
735 2128 773 2203 τδ
799 2129 890 2203 ἐπιδν
917 2132 975 2225 ἔαρ
1002 2136 1056 2202 καί
1081 2128 1121 2203 τδ
1147 2135 1288 2226 θέρος
1271 2162 1302 2203 ιν
1322 2162 1370 2222 τρι
1355 2128 1530 2219 κατάπλιιι

412 2239 737 2335 πραγματευθέντας,
761 2236 920 2304 ἔλθεθ’
889 2261 937 2313 εις
957 2231 1013 2329 την
1031 2230 1240 2329 Πατταλὴνην
1260 2238 1339 2328 περί
1355 2234 1452 2313 Κυνδς
1465 2235 1531 2303 ἐπι

410 2338 514 2466 τολην.
541 2343 626 2413 Δίκα
651 2341 708 2426 μὲν
734 2336 775 2431 66
803 2344 861 2408 τοῦ
885 2332 1053 2457 καράπλου
1079 2340 1232 2430 γενέσθαι
1253 2342 1376 2432 μῆνας,
1399 2333 1533 2424 οῦδαμοῦ
1611 2353 1612 2420 j

412 2444 442 2516 δ
466 2443 566 2515 ῦετιῦν
592 2442 790 2525 αἰσθέσθαι,
822 2434 929 2511 066'r
916 2435 971 2510 o'rc
1001 2435 1187 2534 ἕπηκμασαν
1208 2468 1241 2513 οι
1231 2442 1402 2533 ἐτησίαι·
1424 2448 1483 2510 τιῦν
1502 2442 1533 2509 δὲ

411 2551 595 2636 ποταμιῦν
586 2546 824 2638 πληρουμένων,
847 2572 888 2612 τα
879 2540 1009 2613 πἐδία
1029 2539 1224 2628 κλῦζεσθαι·
1245 2542 1301 2637 την
1322 2547 1360 2614 δὲ
1378 2540 1534 2615 θάλατταν

412 2648 537 2723 ἄπλουν
565 2644 658 2735 εἶναι,
685 2652 750 2717 τιῦν
775 2643 946 2733 ἀνέμων’
923 2643 1159 2729 αντιπνεόντων,
1186 2643 1254 2718 ἀπδ
1273 2649 1366 2738 μαίας
1387 2650 1426 2718 δὲ
1444 2652 1534 2739 μηδε-

411 2759 489 2843 μιῦς
509 2757 610 2847 πνοῆς
632 2752 848 2842 ἐκδεξαμένης.

457 2862 631 2931 Aristobuli
657 2862 861 2937 sententiam,
889 2849 935 2944 μή
952 2851 1080 2925 ’ῦεσθαι
1103 2852 1145 2924 τά
1171 2858 1285 2943 πεδία,
1314 2863 1402 2928 iterat
1423 2860 1529 2925 ῦιδοω
1610 2925 1611 2936 ,

413 2971 517 3035 verbis
544 2970 657 3033 Strabo
680 2969 703 3035 l.
732 2967 754 3034 l.
786 2988 818 3051 p.
848 2967 933 3029 1019
952 2966 996 3042 A,
1021 2964 1076 3029 sod
1102 2968 1338 3033 circumscribit
1358 2968 1529 3033 accuratius

413 3100 446 3161 p.
479 3077 564 3140 1015
590 3074 615 3137 B
641 3072 779 3161 (Fragm.
807 3067 969 3155 XXXVI.)
997 3092 1005 3132 ε
1040 3058 1122 3135 Οῦτε
1143 3062 1163 3158 6
1188 3072 1313 3161 Θηβαὶς
1331 3112 1369 3123 -
1388 3062 1460 3137 οῦτε
1477 3070 1533 3157 τῆς

411 3171 536 3264 Ἰνδικῆς
560 3166 602 3242 τά
621 3166 689 3240 ἀπδ
702 3173 761 3261 τῆς
784 3174 995 3262 Πατταληνῆς
1019 3172 1116 3263 μέχρι
1137 3176 1196 3240 τοῦ
1215 3167 1390 3257 Ὑδάσπου,
1413 3178 1465 3243 ubi
1480 3198 1530 3241 ex-

414 3281 492 3350 cidit
513 3276 765 3367 κατομβροῦται,
783 3300 800 3342 c
818 3278 1036 3364 superioribus
1056 3280 1275 3365 repetendum.
1298 3281 1448 3371 Sequitur
1464 3283 1532 3348 bri-

413 3388 576 3457 stobuium
599 3385 752 3451 Arrianus
781 3384 836 3454 vt.
857 3388 912 3452 25.
941 3390 978 3466 4,
1006 3401 1101 3473 agens
1129 3386 1169 3451 de
1194 3399 1277 3452 terra
1295 3389 1532 3455 Gedrosiorum:

405 3490 511 3560 Ὑεται
530 3484 550 3580 6
571 3488 770 3578 Γαδρωσίων
790 3490 831 3576 νῆ
849 3481 907 3555 ὑπ’
922 3482 1044 3572 ἀνέμων
1063 3489 1127 3555 τιῦν
1145 3488 1293 3577 ἐτησίων,
1314 3484 1468 3583 καθάπερ
1488 3482 1536 3559 οῦν

413 3596 467 3662 καὶ
487 3588 507 3683 6
529 3588 630 3659 Ἰνδῶν
654 3592 708 3679 νῆ,
731 3583 768 3657 06
789 3584 831 3657 τά
852 3590 953 3658 πεδία
973 3590 1037 3658 νῦν
1065 3592 1276 3681 Γαδρωσίων,
1307 3586 1389 3661 ἀλλά
1409 3590 1450 3662 τά
1471 3587 1535 3685 ι’ίρη.

413 3699 532 3767 Eadem
549 3699 647 3761 habet
663 3697 777 3763 Strabo
796 3720 828 3784 p.
854 3701 941 3763 1050
958 3698 992 3765 0.
1024 3699 1118 3781 Quod
1141 3721 1242 3785 quum
1259 3700 1299 3765 de
1318 3703 1431 3767 Etesiis
1448 3704 1536 3767 ctiam

413 3816 519 3872 nostro
538 3804 610 3869 loco
630 3802 777 3891 affirmari
798 3803 924 3883 videas,
941 3796 1063 3868 ῦεσθαι
1084 3803 1224 3886 συνεχῶς
1245 3804 1299 3869 καί
1313 3796 1455 3887 μάλιστα
1474 3811 1535 3879 τοῖς

411 3906 566 3998 ἐτησίαις,
598 3921 707 3993 sponte
739 3922 842 3995 potet,
872 3931 970 3996 quam
1003 3910 1133 3995 egregio
1161 3909 1377 3977 Tzschuctius
1407 3913 1535 3979 candem

412 4037 521 4081 vocem
549 4016 583 4077 in
610 4014 769 4099 prioribus
792 4017 984 4095 restituerit,
1015 4014 1071 4079 ubi
1098 4015 1172 4079 oiim
1202 4016 1369 4102 legebatur
1394 4021 1481 4093 τοῖς
1501 4014 1539 4082 δὲ

410 4120 477 4207 τῆς
504 4111 636 4192 Ἀσίας
662 4117 715 4183 καὶ
743 4112 960 4195 ἀδιαλείπτως
986 4110 1107 4207 νῦιιτωρ
1127 4117 1182 4183 καὶ
1201 4112 1281 4203 μεθ’
1300 4111 1424 4209 ἡμέραν
1444 4120 1539 4205 6³66-

411 4226 495 4288 σθαι
514 4220 567 4287 καὶ
587 4212 737 4309 λάβροις.
774 4224 867 4310 Fugit
889 4246 965 4290 voro
992 4223 1129 4289 cundem
1150 4224 1182 4287 in
1205 4226 1352 4310 proximis
1369 4239 1441 4312 post
1461 4223 1540 4308 πλη-

411 4324 587 4413 ρουμένους
609 4328 816 4394 intexendum
831 4353 908 4395 csso
932 4320 1112 4410 ποταμούς.
1147 4330 1256 4396 Redeo
1287 4330 1328 4396 ad
1351 4332 1536 4408 Attianum,

412 4432 468 4514 qui
488 4443 525 4495 ut
541 4432 565 4500 1.
588 4434 622 4499 1„
638 4433 678 4515 ad
705 4436 925 4502 Aristobulum
946 4460 979 4502 so
999 4437 1223 4517 conformavit,
1248 4439 1293 4503 λιιι
1312 4438 1390 4503 alibi
1413 4438 1537 4502 videtur

305 4570 308 4579 ·
410 4535 590 4626 Nearchum
601 4542 712 4627 sequi,
730 4545 876 4630 sequitur
892 4544 986 4609 etiam
1003 4543 1249 4629 Megasthonom.
1261 4544 1423 4609 Nearchus
1434 4546 1533 4620 onim,

411 4650 492 4705 toste
516 4644 670 4711 Strabone
689 4671 721 4734 p.
745 4653 831 4715 1014
850 4652 893 4732 Α,
914 4652 949 4714 iu
974 4650 1086 4715 cotoris
1107 4670 1207 4736 quum
1227 4650 1409 4717 Aristobulo
1432 4651 1538 4715 calcu-

411 4749 478 4813 lum
504 4746 649 4831 adjiciat,
668 4752 758 4853 περὶ
778 4756 843 4819 τιῦν
863 4744 1004 4843 θερινιῦν
1028 4743 1161 4841 ι’ίμβρων
1182 4746 1242 4837 οῦχ
1270 4748 1437 4840 ὁμολογεῖ·
1460 4741 1539 4819 ἀλλά
