3617 5892
778 700 837 764 141

234 875 454 960 acquiescere
468 873 652 939 subsereor.
677 871 825 937 Studium
838 871 999 973 quoddam
1011 872 1190 938 delectandi
1200 886 1232 938 et
1241 869 1384 960 gratiam

234 981 405 1046 lectorum
426 978 573 1065 captandi
590 977 716 1044 Chareti
735 986 905 1044 commune
925 979 1021 1042 fuisse
1041 1001 1115 1044 curn
1133 980 1371 1056 omnibuslere,

235 1088 300 1173 qui
321 1085 363 1150 de
372 1084 551 1152 Alexandro
562 1085 777 1170 scripserunt,
801 1086 899 1156 nolim
912 1083 1372 1173 quidempraefractenegare‚

233 1194 308 1257 imo
338 1193 372 1255 in
396 1192 505 1278 primis
528 1189 557 1254 ei
577 1190 744 1277 proprium
765 1190 861 1256 fuisse
885 1189 948 1274 ajo;
981 1189 1037 1255 sed
1058 1212 1116 1277 per
1138 1190 1249 1258 decem
1277 1193 1373 1260 libros
1479 1255 1482 1262 ,

234 1299 387 1384 integros
408 1297 502 1361 meris
518 1296 765 1362 narratiunculis
775 1295 990 1374 delectatum,
1011 1317 1075 1362 non
1087 1299 1185 1384 magis
1194 1297 1286 1363 illum
1298 1321 1374 1366 con·

235 1405 373 1469 tinuam·
393 1401 517 1467 dedisse
543 1401 715 1468 Alexandri
744 1400 930 1482 historiam,
958 1420 1054 1489 quam
1085 1403 1190 1489 capita
1218 1403 1374 1490 quaedam

236 1508 464 1574 oblectationis
485 1508 587 1595 gratia
596 1509 735 1587 selecta,
759 1509 870 1594 iniqua
886 1519 934 1572 est
943 1509 1140 1592 criminatio,
1160 1531 1375 1598 quamneque

235 1614 332 1681 aliud
355 1616 571 1701 fragmentum
594 1625 749 1680 sustentat
778 1615 900 1695 ullum,
929 1635 1035 1702 neque
1053 1615 1110 1682 ille
1130 1616 1220 1701 ipse,
1239 1617 1296 1702 qui
1315 1639 1375 1704 pro

237 1705 428 1810 gravissimo
452 1732 640 1807 argumento
663 1721 815 1800 affertur,
835 1721 1087 1807 elegantissimus
1109 1719 1228 1802 μῦθος.
1257 1722 1374 1788 Parum

236 1829 348 1894 tenuit
366 1827 634 1907 Sanctocrucius,
659 1821 816 1914 quantum
831 1826 1010 1894 istiusmodi
1030 1825 1154 1911 μῦθοι,
1175 1826 1375 1894 exinteriore

237 1935 390 2022 gentium
412 1933 543 2001 historia
562 1933 761 2021 deprompti,
785 1934 910 2002 valeant
925 1931 966 2000 ad
983 1954 1090 2000 reram
1108 1953 1216 1998 earum
1234 1933 1375 2000 indolem

236 2041 371 2126 penitus
396 2040 672 2127 cognoscendam,
703 2040 860 2129 dignique
889 2041 971 2106 adeo
991 2051 1023 2104 et
1041 2039 1220 2104 habeantur
1243 2051 1277 2104 et
1291 2040 1373 2119 siut,

237 2146 292 2239 ad
307 2168 389 2233 quos
406 2145 548 2211 studiose
569 2147 711 2213 advertat
731 2148 890 2228 animum,
915 2147 969 2212 cui
980 2146 1082 2231 majus
1092 2145 1170 2232 quid
1182 2165 1279 2232 qnam
1288 2144 1374 2212 nuda
1432 2167 1435 2174 ·

239 2275 353 2317 rerum
381 2253 591 2337 plurimarum
616 2255 759 2318 recensio
787 2253 933 2318 rideatur
963 2251 1107 2318 historia.
1135 2252 1205 2316 lllis
1233 2273 1327 2331 reru,
1348 2255 1373 2316 si

232 2359 317 2446 quis
338 2357 438 2437 alius,
457 2358 533 2441 jure
558 2347 782 2424 accensendus
796 2371 843 2424 est
860 2359 1017 2425 Zariadris
1036 2370 1067 2426 et
1087 2355 1231 2426 Odatidis
1250 2358 1374 2440 μῦθος,

239 2486 303 2549 per
314 2474 421 2534 ‚totam
439 2463 546 2528 Asiam
564 2465 610 2528 ita
627 2464 909 2546 celebratissimus,
932 2478 968 2529 ut
984 2466 1165 2531 etomnium
1176 2487 1229 2530 ore
1237 2464 1374 2530 ferretur

241 2581 277 2634 et
311 2569 422 2656 quovis
444 2569 561 2636 idoneo
578 2570 672 2650 loco,
693 2570 728 2634 iu
744 2571 889 2656 templis,
913 2571 1009 2658 regiis
1032 2571 1226 2657 privatisque
1242 2569 1374 2635 aedibus

243 2697 320 2740 eum
337 2675 545 2764 pingendum
575 2688 744 2756 curarent,
774 2679 854 2763 quin
871 2677 1055 2763 principum
1076 2676 1223 2763 plerique
1238 2677 1272 2740 in
1289 2676 1375 2761 piam

243 2781 388 2848 Odatidis
417 2784 601 2848 memoriam
625 2782 666 2848 de
696 2782 793 2867 hujus
813 2784 941 2848 nomine
959 2781 1039 2848 filias
1056 2781 1265 2870 appellarent.
1289 2779 1377 2845 Talia

245 2900 351 2955 autem
378 2890 593 2978 cognoscendi
615 2912 652 2955 ex
677 2890 824 2956 omuibus
848 2888 1022 2958 Alexandri
1039 2887 1196 2956 historicis
1214 2880 1295 2953 nulli
1312 2886 1376 2954 ior·

246 3007 326 3060 tasse
344 2996 445 3079 major
463 3008 509 3060 est
523 2997 608 3062 facta
626 2997 737 3082 copia,
761 3017 859 3084 quam
880 2997 1025 3075 Ghareti,
1046 3017 1143 3083 quem
1152 2995 1305 3063 diuturno
1317 3017 1376 3061 usu

246 3113 343 3188 atque
366 3101 400 3164 in
424 3102 529 3182 ilarii,
552 3104 684 3168 sirecte
700 3103 845 3187 conjeci,
869 3105 943 3168 aula
965 3104 1213 3169 commoratione
1233 3123 1308 3168 cum
1325 3121 1377 3167 ra-

248 3208 367 3271 riarum
383 3207 526 3293 gentium
542 3209 701 3286 moribus,
721 3210 818 3273 sacris
827 3210 1042 3296 civilibusque
1050 3209 1221 3285 institutis,
1240 3201 1376 3287 μύθοις,

247 3314 396 3378 interiore
425 3315 553 3379 omnino
576 3314 759 3379 conditione
784 3316 1033 3396 familiaritatem
1065 3315 1258 3380 contraxisse
1291 3309 1377 3375 baud

248 3418 410 3506 vulgarem
426 3421 615 3506 putaverim.
635 3419 760 3504 Quibus
777 3421 910 3508 singulis
927 3421 1038 3496 sedulo
1058 3423 1091 3485 in
1111 3421 1219 3484 literas
1237 3418 1376 3483 referen-

250 3524 299 3589 dis
316 3523 450 3619 Chares,
470 3539 506 3592 ut
523 3549 772 3593 commemorare
792 3528 885 3613 plura
905 3527 1039 3606 debuit,
1064 3549 1149 3614 quae
1170 3526 1211 3590 ab
1229 3523 1378 3590 historiae
1428 3517 1432 3524 ’

251 3631 401 3717 gravitate
425 3620 600 3718 paululum*
621 3633 771 3702 recedere
798 3633 986 3718 rideantur,
1009 3635 1053 3698 ita
1075 3625 1179 3700 tamea
1195 3631 1267 3721 illo,
1291 3630 1378 3720 quod

251 3736 334 3816 dixi,
357 3740 483 3803 nomine
503 3737 545 3803 de
560 3739 691 3807 historia
709 3741 777 3827 ipsa
796 3740 879 3805 bene
896 3741 1083 3827 promeruit.
1107 3740 1173 3808 Neo
1192 3759 1252 3824 pro
1268 3740 1378 3826 paucis

251 3844 432 3930 fragmentis
459 3867 549 3910 rarae
580 3859 679 3928 sunt,
704 3847 826 3926 fateor,
858 3867 943 3933 quae
969 3845 1009 3910 ad
1029 3845 1246 3911 Alexandrum
1262 3845 1379 3909 aliosve

253 3960 392 4036 spectant
416 3952 684 4020 narratiunculae.
714 3953 782 4017 liae
800 3971 895 4030 vero,
921 3952 946 4016 si
967 3962 1054 4018 recte
1069 3951 1201 4037 judico,
1227 3948 1379 4035 explicari

254 4056 368 4140 optime
398 4068 530 4142 possunt
554 4058 720 4124 econsilio
740 4057 901 4138 Charetis,
927 4080 992 4147 quo
1014 4059 1048 4122 in
1064 4057 1195 4123 historia
1211 4053 1378 4122 scribenda

254 4181 314 4224 non
334 4163 534 4248 potissimum
557 4176 656 4230 terras
683 4175 864 4251 peragratas
885 4164 1023 4229 attendit
1035 4163 1147 4251 ‚deque
1169 4164 1269 4249 captis
1287 4160 1379 4227 urbi-

254 4267 312 4331 bus
326 4278 358 4332 et
371 4269 521 4356 gentibus
539 4269 671 4336 devietis
689 4272 854 4357 exposuit,
878 4269 933 4336 sed
944 4283 1011 4335 tum
1019 4268 1284 4335 hornmomnium
1296 4287 1379 4353 quae

255 4373 384 4437 maxime
411 4374 550 4442 ducebat
581 4377 801 4443 memorabilia
830 4376 1001 4464 diligenter
1027 4376 1176 4462 collegit,
1206 4386 1276 4440 tum
1305 4393 1378 4437 vero

257 4499 359 4544 rerum
377 4479 622 4549 domesticarum
640 4495 672 4546 et
681 4484 841 4568 privatae,
864 4480 1095 4570 quaedicitur,
1120 4477 1289 4546 Alexandri
1298 4478 1380 4542 ritae

256 4594 400 4649 accurate
417 4588 571 4654 rationem
589 4588 712 4657 habuit.
741 4591 915 4677 Utcunque
932 4610 965 4652 se
983 4585 1079 4652 habet
1099 4608 1167 4666 res,
1190 4585 1270 4650 haec
1284 4585 1379 4649 facile

258 4691 378 4777 cogitur
395 4715 412 4756 e
431 4684 773 4780 fragmen'tis'summa,
799 4697 886 4784 quod
904 4716 962 4768 nec
974 4691 1377 4779 Sanctocruciusnegavit,
