3617 5892
817 693 880 758 129
903 733 910 760 t

188 873 195 953 f
283 860 329 924 ita
341 873 430 926 certe
440 874 477 928 ut
487 865 601 931 Strabo
611 869 729 955 Xle.
741 868 1055 936 otecidmennone
1066 868 1408 955 diguumjudioaserit.

191 981 195 987 ’
282 965 390 1046 Icari,
422 969 463 1033 ab
493 963 673 1039 Alexandro
701 976 746 1069 ita
778 976 976 1054 nominatae,
1015 963 1238 1061 Τανροπὸλιον
1269 979 1410 1050 celebrat

210 1148 216 1155 Ι
282 1071 415 1160 Dionys.
434 1076 558 1164 Perieg.
575 1081 643 1146 610
663 1101 711 1167 sq.

452 1171 574 1270 ’laepov
593 1180 747 1271 εἰναλίην,
769 1176 829 1250 ὅθι
854 1172 1083 1272 Ταυροπόλοιο
1104 1186 1200 1249 θεοῖο

457 1283 566 1368 βωμοὶ
587 1280 765 1374 mindense
784 1277 922 1354 ἀδευκέα
941 1275 1062 1350 καπνὸν
1083 1278 1203 1368 ἔχουσι.

281 1383 330 1446 οο
369 1384 481 1452 eodem
516 1392 626 1475 paucis
661 1390 796 1456 absolvit
822 1392 937 1456 Strabo
964 1391 1040 1459 xvl
1065 1413 1097 1477 p.
1127 1393 1213 1454 1110
1242 1392 1284 1471 G,
1316 1393 1411 1479 νῆσον

281 1485 532 1558 commemorans
553 1483 680 1583 Ἰκάριον
703 1492 766 1580 (sel
781 1477 904 1584 Ἴκαρον
923 1496 995 1582 lege
1015 1494 1062 1559 rel
1085 1485 1239 1582 inopius),
1254 1493 1308 1560 καί
1326 1489 1413 1584 ἱερᾶν

280 1583 485 1672 Ἀπόλλωνος
497 1589 627 1684 ίίγιονέν
637 1590 726 1687 adipi,
739 1597 793 1663 καὶ
806 1601 955 1680 μαντεῖον
972 1589 1196 1688 Ταυροπόλον.
1207 1600 1254 1666 Gi.
1267 1601 1410 1667 Eustath.
1497 1599 1500 1608 ’

279 1696 323 1763 ad
335 1699 463 1790 Dionys.
480 1702 503 1770 l.
515 1702 538 1769 l.
551 1726 584 1789 p.
596 1704 676 1770 221.
699 1702 747 1768 hd
764 1704 873 1769 locum
890 1703 1031 1790 denique
1050 1703 1244 1784 Aristobuli,
1262 1727 1357 1792 quem
1377 1709 1411 1770 in

279 1805 345 1870 situ
362 1806 446 1872 Icari
462 1807 684 1874 constituendo
700 1812 820 1875 errasse
838 1809 975 1875 ostendit
991 1809 1145 1898 Droysen.
1163 1810 1185 1877 l.
1207 1813 1250 1890 l.,
1271 1813 1410 1876 conlerri
1463 1847 1465 1854 ·

243 1912 247 1921 '
279 1924 432 1994 possunt,
456 1936 539 2001 quae
554 1912 594 1980 de
613 1937 801 2002 caprarum,
816 1915 992 1982 dorcadum
1003 1916 1214 2004 leporumque
1225 1919 1408 1998 venatione,

279 2019 400 2084 Dianae
410 2020 443 2083 in
463 2019 523 2086 hac
543 2020 647 2088 insula
665 2045 846 2102 sacrorum,
870 2024 968 2088 refert
991 2023 1140 2090 Aelianus
1159 2023 1286 2090 deaut.
1305 2013 1409 2090 onim.

279 2124 339 2190 xl.
359 2125 391 2192 9.

323 2231 475 2315 Majorem
491 2234 647 2314 insulam,
665 2237 700 2299 in
714 2237 786 2300 sinu
805 2218 933 2302 Persico
952 2258 970 2301 a
989 2235 1213 2302 Macedonibus
1232 2249 1407 2322 repertam,

278 2336 374 2400 multi
395 2337 524 2423 Tyrum
539 2339 669 2418 dicunt,
693 2341 750 2404 sed
764 2342 974 2427 antiquissimi
991 2349 1146 2407 vocarunt
1165 2339 1303 2428 Tylum,
1314 2429 1317 2436 Δ
1328 2365 1409 2429 quo-

277 2441 375 2506 modo
392 2444 487 2507 etiam
496 2444 734 2535 Artemidorum
750 2447 912 2533 scripsisse
923 2447 1101 2542 Stephanus
1117 2454 1250 2514 testatur
1262 2470 1291 2516 v.
1307 2443 1411 2535 Τύρος

277 2571 312 2634 p.
325 2551 500 2632 ,286‚‚26.
541 2552 632 2635 Quae
663 2554 797 2622 nominis
823 2555 1015 2648 permutatio
1045 2565 1092 2618 est
1116 2575 1191 2618 oum
1219 2553 1410 2620 Phoeniciae
1464 2585 1467 2590 ·

277 2656 361 2719 urbe
378 2658 479 2746 Tyro,
503 2680 601 2746 quam
621 2658 691 2745 Tyli
715 2658 840 2725 incolae
856 2680 948 2723 suam
970 2680 1035 2743 esse
1057 2658 1218 2754 jactabant
1240 2660 1409 2746 coloniam.

277 2762 354 2830 vid.
373 2764 478 2832 Strab.
496 2765 520 2832 l.
540 2765 564 2833 l.
581 2787 614 2851 p.
635 2768 722 2842 1110
739 2767 770 2831 ll
782 2773 831 2852 ις’.
856 2765 960 2850 Situm
976 2765 1047 2851 Tyli
1063 2756 1138 2832 d.'l.
1155 2765 1278 2833 Plinius
1289 2751 1409 2829 descri-

277 2868 345 2947 bit,
369 2869 555 2942 dissentiens
574 2893 594 2936 a
610 2872 782 2950 Strabone.
806 2861 854 2938 Cf.
876 2871 1037 2956 llroysen.¹
1049 2871 1072 2952 l.
1094 2869 1118 2942 Ι.
1136 2871 1173 2936 lo
1184 2869 1322 2958 Arabico
1339 2869 1410 2932 sinu

278 2975 360 3038 male
371 2999 388 3040 a
399 2976 616 3062 Theophrasto
628 2989 659 3042 et
671 2979 775 3042 Plinio
786 2978 873 3055 XVI.
885 2979 931 3042 80
943 2977 1118 3062 reponitur,
1137 2969 1192 3043 s'ed
1207 2973 1409 3060 multopejus

278 3103 296 3144 a
317 3079 446 3170 sordido
469 3083 564 3146 Plinii
585 3067 823 3176 epitomatore,s
839 3083 967 3161 Selino,
982 3081 1180 3174 ¹adscribitur
1206 3081 1327 3150 Indiae.
1359 3077 1407 3149 Cf.

277 3187 409 3254 Salmas.
429 3208 463 3271 p.
482 3189 560 3264 720.
584 3189 631 3253 lle
646 3189 769 3255 insulae
786 3190 969 3267 fertilitate,
989 3189 1031 3252 ab
1048 3188 1234 3274 Aristobulo
1250 3189 1326 3251 item
1342 3187 1409 3250 lau·

278 3293 370 3369 dato,
394 3294 549 3359 nonnulla
563 3294 680 3368 ⁴,relert
705 3294 834 3374 Plinius,
850 3295 924 3374 llll.
945 3295 986 3358 21
1012 3314 1103 3378 sqq..
1129 3293 1242 3376 partim
1266 3312 1283 3354 e
1303 3290 1420 3379 Theo-¹

278 3399 407 3483 phrasto
429 3400 546 3484 petita,
570 3410 608 3464 ut
625 3398 764 3464 ostendit
781 3398 964 3468 Salmasius.
1208 3389 1211 3398 ’

808 3576 876 3676 jsu.
984 3549 1007 3574 ²

322 3749 436 3814 Strabo
457 3752 534 3820 XVI
556 3773 588 3836 p.
613 3751 700 3815 1110
718 3747 757 3816 D.
787 3735 1101 3836 Ἀριστόβουλός
1118 3743 1218 3832 φησι,
1233 3734 1309 3818 τούς
1327 3749 1358 3810 Γ
1355 3745 1409 3830 ερ-

276 3851 394 3943 ῥαίοος
410 3846 453 3918 τοί
472 3848 580 3919 πολλοὶ
603 3852 749 3937 σχεδίαις
771 3850 819 3927 εἰς
838 3844 895 3938 σὴν
916 3846 1125 3932 Βαβυλωνίαν
1145 3835 1406 3933 ἐμπορεύεσθαι,

243 4019 251 4032 ,
275 3956 401 4023 ἐκεῖθεν
422 3955 460 4022 δὲ
479 3957 527 4041 τῷ
543 3947 701 4046 Εὐφρίσῃ
711 3948 760 4026 ,ad
776 3953 901 4043 poprie
916 3944 1134 4024 ἆναπίεῐνείς
1154 3937 1408 4036 &ducamine

275 4059 361 4146 πεζῇ
380 4056 578 4140 κομίζεσθαι
597 4051 713 4146 πάντῃ.
827 4107 831 4110 -
867 4141 869 4146 .
931 4111 937 4120 .

319 4164 513 4231 Adversatur
548 4165 581 4232 b.
617 4164 641 4232 l.
673 4162 877 4230 aristobulus
915 4162 1061 4248 vulgatae
1096 4159 1137 4224 de
1171 4154 1407 4228 Gerrhaeorum

276 4257 458 4336 mercatura
484 4271 645 4357 opinioni,
677 4292 742 4357 qua
764 4269 985 4347 habebantur,
1008 4278 1045 4332 ut
1064 4263 1178 4330 Strabo
1200 4261 1264 4338 ait,
1287 4253 1408 4336 πεζίμ-

276 4369 436 4459 nepotari
457 4372 558 4442 πλέον
577 4373 641 4440 τῶν
661 4365 822 4463 Ἀραβίων
843 4369 990 4461 φορτίων
1010 4367 1064 4433 καί
1086 4359 1306 4454 ἆρωμασικαῑν.
1335 4360 1407 4442 Quo

278 4499 372 4542 sensu
390 4481 486 4546 etiam
505 4480 663 4546 lliodorus
683 4479 725 4544 de
743 4478 914 4546 Gerrbaeis
933 4475 1063 4561 exponit
1080 4472 1140 4538 111.
1161 4471 1215 4536 42.
1250 4465 1408 4534 Gerrham

277 4581 428 4649 Chaldaei
443 4587 582 4652 tenuisse
599 4587 767 4666 feruntur,
793 4607 810 4650 e
826 4581 1004 4671 babylonia
1022 4590 1172 4644 extorres.
1199 4575 1245 4664 'ln
1263 4571 1332 4658 ejus
1349 4573 1408 4636 mi·

279 4690 433 4755 rabilibus
455 4697 663 4758 numerantur
680 4691 812 4771 domus,
837 4691 938 4756 esale
956 4687 1078 4766 iactae,
1107 4695 1276 4767 turresque
1297 4701 1314 4744 e
1335 4677 1407 4742 salis

1238 4804 1254 4852 9
