3617 5892
827 722 869 785 25

283 902 390 979 αδτοῦ
410 900 500 989 τάξει
519 906 574 977 καί
592 907 654 975 τοῦ
678 898 819 997 χάρακος
838 906 904 973 τῶν
924 905 1090 993 πολεμίαν
1111 904 1150 974 οὐ
1169 902 1256 975 πολδ
1269 900 1412 999 άφεσιη-

281 1008 368 1093 κῶς,
390 1004 430 1080 οδ
454 1010 656 1102 προσμείνας
680 1002 761 1100 παρ’
780 1000 992 1100 Ἀλεξὼδρου
1016 1003 1056 1076 τό
1082 1006 1117 1084 ἐς
1141 1002 1197 1099 τὴν
1217 1002 1320 1100 μάχην
1340 1004 1413 1093 ξάν-

282 1121 397 1207 θημα,
426 1107 525 1191 αάτδς
557 1114 691 1204 πρῶτος
719 1111 899 1203 προσέμιξε
931 1113 980 1198 τηῖ
1007 1102 1124 1199 χάρακι
1149 1111 1203 1179 καί
1228 1104 1414 1191 διασπάσας

283 1212 385 1287 αὐτόν
408 1215 558 1301 ἐνέβαλεν
582 1215 617 1292 ἐς
642 1216 707 1283 τῶν
734 1220 886 1305 Θηβαίων
910 1209 968 1306 τήν
995 1207 1217 1305 προφυλακήν.
1242 1207 1353 1301 Τοάτφ
1376 1216 1414 1284 δὲ

283 1312 445 1405 ἑπόμενος
464 1313 621 1406 ’Λμόντας
641 1313 662 1389 5
682 1312 932 1410 Ἀνδρομένους,
954 1310 1006 1386 ὅτι
1025 1317 1080 1385 καί
1100 1312 1345 1405 ξωτεταγμένος
1364 1319 1414 1404 τῷ

282 1425 453 1513 Περδίκκᾳ
473 1414 519 1514 ἦν,
541 1416 684 1514 ἐπήγαγε
699 1423 754 1491 καὶ
775 1415 873 1499 αδτδς
892 1417 949 1513 την
969 1414 1072 1490 αότοῖ
1092 1413 1191 1503 τάξιν,
1214 1414 1260 1497 ὠς
1274 1414 1341 1489 εἶδε
1358 1415 1414 1489 τόν

282 1528 469 1618 Περδίκκαν
492 1518 747 1619 προεληλυθότα
773 1527 853 1593 είσω
879 1526 940 1593 τοῦ
962 1516 1115 1616 χάρακος.
1144 1524 1256 1593 Ταῦτα
1276 1523 1314 1592 δέ
1337 1518 1415 1591 ῖδῶν

281 1622 509 1719 Ἀλέξανδρος,
537 1626 584 1709 ῶς
608 1624 654 1721 μή
674 1621 768 1716 μόνοι
788 1621 1050 1721 ἀπολειφθέντες
1069 1623 1157 1720 πρδς
1177 1628 1241 1695 τῶν
1263 1626 1415 1716 Θηβαίων

282 1725 527 1815 κινδυνεύσειαν,
557 1732 658 1823 διῆγε
681 1730 738 1823 τάν
757 1724 856 1823 άλλην
876 1724 1039 1823 στρατιάν.
1060 1732 1127 1801 Καὶ
1147 1724 1222 1807 τούς
1245 1732 1303 1814 μέν
1322 1721 1415 1811 τοξό-

281 1860 346 1912 τας
365 1835 420 1903 καί
438 1830 516 1913 τοδς
535 1828 707 1927 Ἀγριᾶνας
726 1835 895 1926 ἐκδραμεῖν
915 1828 1069 1926 ἐσήμηνεν
1090 1840 1169 1903 εῖσω
1185 1834 1245 1903 τοῦ
1259 1824 1414 1924 χάρακος,

284 1935 329 2006 τά
348 1940 386 2007 δέ
406 1930 554 2029 άγὴματα
572 1939 627 2007 καὶ
646 1932 726 2017 τοδς
750 1932 962 2016 ὑπασπιστάς
988 1936 1037 2008 ἔτι
1058 1935 1120 2021 ἔξω
1141 1942 1294 2022 κατεῖχεν.
1313 1929 1415 2006 Ἔνθα

283 2035 327 2132 δη
356 2042 541 2133 Περδίκκας
573 2042 633 2127 μέν
664 2043 727 2111 τοῦ
760 2042 916 2133 δευτέρου
952 2034 1094 2133 χάρακος
1128 2044 1208 2113 εῖσω
1235 2041 1417 2129 παρελθεῖν

281 2136 493 2229 βιαζόμενος,
524 2138 621 2269 ριάτδς
648 2146 708 2233 μέν
734 2147 873 2236 βληθείς
897 2146 1015 2221 πίπτει
1044 2142 1160 2228 τῦσοῦ,
1182 2144 1237 2218 καί
1258 2136 1418 2228 άποκομί

282 2247 378 2328 ζεται
396 2250 502 2324 κακῶς
524 2244 610 2370 ρ”χων
628 2244 744 2321 ἐπί
705 2274 744 2316 το
766 2241 1000 2338 στρατόπεδον,
1020 2249 1076 2316 καί
1096 2248 1249 2334 χαλεπῶς
1269 2238 1417 2364 διεσώθη

282 2343 354 2418 άπό
375 2352 436 2418 τοῦ
442 2344 652 2471 τραδματρς·
672 2346 750 2427 τούς
769 2352 880 2435 μέντοι
902 2351 1106 2479 Θηβαίρυς
1088 2375 1122 2431 ες
1130 2376 1199 2471 την
1216 2350 1325 2440 κοίλην
1341 2340 1418 2417 ὁδόν

281 2476 344 2540 την
370 2448 452 2518 κατά
476 2447 514 2518 τό
538 2445 722 2573 Ἱρράκλειον
748 2454 916 2541 φέρουσαν
944 2480 976 2523 οι
1002 2450 1071 2542 ἅμα
1098 2447 1189 2541 αότηῖ
1209 2444 1418 2529 εἰσπεσόντες

287 2550 374 2639 ὁμοῦ
398 2559 468 2630 τοῖς
500 2550 580 2642 παρ’
605 2547 805 2645 Ἀλεξάνδρῳ
832 2548 980 2637 τοξόταις
1010 2558 1219 2625 συνέκλεισαν.
1248 2551 1365 2625 Καί”
1343 2577 1418 2622 εστε

283 2654 347 2739 μέν
372 2655 429 2721 ἐπί
455 2680 493 2721 το
484 2646 756 2744 Ἡράκλειον
733 2658 957 2745 αναχωροῦσιν
989 2657 1120 2726 εἵποντο
1144 2664 1214 2733 τοῖς
1244 2657 1415 2745 Θηβαίοις·

283 2756 437 2824 ἐντεῦθεν
458 2755 496 2823 δέ
516 2749 784 2847 ἐπιστρεψάντων
805 2748 906 2835 αὖθις
928 2753 986 2827 σόν
1002 2761 1068 2850 βοῇ
1081 2761 1146 2827 τῶν
1165 2758 1315 2849 Θηβαίων
1330 2752 1418 2847 φυγή

281 2860 349 2926 τῶν
371 2851 577 2944 ’Μακεδόνων
605 2859 759 2946 γίγνεται·
788 2860 843 2926 καὶ
870 2853 1071 2951 Εὐρυβώτας
1090 2884 1128 2928 τε
1150 2856 1169 2928 ὁ
1189 2856 1281 2951 Κρής
1302 2860 1418 2929 πίπτει

284 2955 303 3027 ό
333 2953 497 3051 ταξάρχης
521 2961 576 3029 καὶ
603 2952 709 3028 αὐτῶν
735 2964 801 3028 τῶν
827 2965 970 3045 τοξοτῶν
996 2963 1030 3041 ἐς
1055 2956 1291 3054 ἐβδομήκοντα·
1318 2962 1353 3032 οῖ
1380 2963 1418 3031 δέ

282 3064 395 3131 λοιποὶ
415 3064 596 3156 κατέφυγον
617 3059 704 3155 πρός
723 3062 762 3131 τό
783 3058 892 3156 άγημα
912 3062 952 3136 τό
971 3068 1036 3134 τῶν
1056 3057 1258 3136 Μακεδόνων
1270 3067 1324 3134 καί
1340 3058 1418 3143 τοός

282 3161 495 3244 ὑπασπιστάς
526 3161 604 3289 τρεῖς
635 3165 830 3252 βασιλυιοός.
873 3163 943 3291 Κάρ
970 3160 1076 3257 τοότῳ
1103 3158 1315 3260 Ἀλέξανδρος
1339 3165 1418 3247 τοδς

282 3269 354 3382 μέν
370 3262 471 3338 αότοῦ
499 3262 680 3361 φεύγοντας
708 3266 854 3354 κατιδεῖν,
881 3267 958 3350 τοδς
987 3274 1155 3394 Θηβαίους
1181 3275 1219 3342 δὲ
1243 3265 1417 3349 λελυκότας

284 3373 319 3440 ἐν
338 3354 381 3465 δῇ
408 3366 520 3455 διῶξαι
545 3367 603 3464 την
625 3365 726 3456 τάξιν,
753 3368 946 3458 ἐμβάλλει
929 3398 963 3452 ες
983 3370 1103 3452 αάτοδς
1125 3376 1354 3466 συντεταγμένη
1375 3376 1419 3464 τῇ

284 3469 440 3568 φάλαγγι
468 3502 500 3545 οι
490 3476 559 3543 ιδέ
580 3469 711 3544 ῶβοῦσι
730 3472 809 3554 τοδς
831 3477 999 3567 Θηβαίους
1021 3482 1100 3545 εἴσω
1121 3480 1328 3581 τῶνπυλῶν.
1350 3477 1417 3545 Καί

281 3586 353 3658 τοῖς
376 3579 577 3672 Θηβαίοις
558 3603 591 3656 ες
609 3572 789 3672 τοσόνδεῆ
811 3606 899 3672 φυγη
922 3577 1094 3673 φοβερά’
1076 3606 1110 3670 εγ
1112 3572 1231 3669 ίγνετο,
1254 3575 1340 3648 ῶστε
1360 3574 1416 3649 διά
1494 3636 1496 3640 .

282 3684 347 3751 τῶν
367 3685 480 3752 πυλῶν
508 3675 698 3766 αἰδούμενοι
722 3683 756 3759 ἐς
781 3678 837 3774 τὴν
858 3675 955 3752 πόλιν
977 3677 1034 3751 οόκ
1056 3680 1210 3776 ἔφθησαν
1231 3686 1416 3773 συγκλεῖσαι

281 3786 342 3867 τάς
362 3781 480 3864 πάλας·
501 3779 583 3853 ἄλλά
601 3787 872 3855 συνεισπίπτουσι
892 3782 955 3878 γάρ
979 3781 1090 3865 αὐτοῖς
1111 3789 1190 3855 εῖσω
1211 3790 1272 3857 τοῦ
1287 3788 1416 3874 τείχους

283 3886 362 3962 όσοι
385 3892 451 3959 τῶν
478 3881 678 3959 Μακεδόνων
703 3886 796 3979 ἐγγδς
821 3883 1007 3983 φευγόντων
1033 3894 1172 3977 εἴχοντο,
1198 3887 1256 3959 άτε
1276 3893 1330 3960 καί
1350 3891 1415 3957 τῶν

282 3997 397 4081 τειχῶν
423 3986 478 4063 διά
497 3986 557 4069 τάς
581 3989 801 4084 προφυλακάς
827 3990 887 4071 τάς
911 3988 1038 4072 πολλάς
1066 3989 1191 4087 ἐρήμων
1213 3989 1320 4064 όντων.
1348 3992 1414 4061 Καί

282 4090 508 4189 παρελθόντες
534 4094 583 4172 εἰς
610 4091 667 4186 τήν
693 4097 861 4181 Καδμείαν
886 4099 921 4165 οῖ
946 4098 1005 4182 μέν
1028 4097 1154 4167 ἐκεῖθεν
1177 4094 1259 4167 κατά
1279 4091 1318 4167 τό
1338 4091 1414 4180 'Au-

283 4208 380 4293 φεῖον
399 4194 457 4266 σόν
475 4205 547 4276 τοῖς
567 4200 739 4285 κατέχουσι
754 4194 811 4289 τήν
831 4200 998 4288 Καδμείαν
1013 4198 1177 4288 ἐξέβαινον
1193 4202 1227 4278 ἐς
1241 4196 1297 4291 τήν
1316 4192 1414 4288 άλλην

283 4298 391 4373 πόλιν
414 4302 447 4373 οἱ
467 4302 505 4370 δὲ
524 4302 606 4371 κατὰ
625 4297 667 4370 τά
687 4303 795 4393 τείχη,
811 4296 949 4391 ἐχόμενα
969 4299 1031 4396 ἤδη
1053 4303 1141 4397 πρός
1159 4309 1224 4373 τῶν
1245 4324 1413 4371 συνεισπε-

285 4399 406 4476 σόντων
435 4411 506 4485 τοῖς
536 4398 723 4496 φεύγουσιν,
758 4402 960 4501 ὑπερβάντες
993 4410 1027 4488 ἐς
1054 4406 1112 4503 τήν
1143 4402 1265 4498 ἀγοράν
1297 4398 1411 4497 δρόμῳ

284 4511 449 4602 ἐφέροντο.
472 4510 539 4578 Καὶ
552 4504 661 4599 ὀλίγον
674 4512 733 4597 μέν
746 4538 818 4581 τινα
831 4507 947 4604 χρόνον
960 4510 1086 4599 ἔμειναν
1101 4515 1133 4581 οἱ
1147 4512 1333 4600 τεταγμένοι
1348 4512 1412 4579 τῶν
1428 4552 1432 4571 0

285 4614 438 4703 Θηβαίων
458 4606 539 4681 κατά
558 4608 597 4681 τό
618 4607 789 4705 Ἀμφεῖον·
811 4610 859 4693 ῶς
878 4617 917 4685 δέ
937 4606 1143 4701 πανταχόθεν
1156 4608 1316 4693 αότοῖςοῖ
1333 4624 1411 4685 Ma·

284 4710 411 4795 κεδόνες
440 4717 495 4785 καὶ
524 4710 732 4808 Ἀλέξανδρος
760 4713 876 4789 άλλοιε
901 4713 983 4808 άλλη
1009 4715 1258 4811 ἐπιφαινόμενον
1283 4718 1406 4815 προσέπ

809 5034 832 5071 0
