3617 5892
767 706 869 809 :⁴³¹

289 871 470 965 στόβοολος
490 875 587 963 λέγει,
609 866 666 963 τήν
687 865 784 961 αὐτην
805 863 1019 941 delenitis·
1041 864 1087 949 ὦς
1108 873 1146 941 δὲ
1164 874 1419 959 Πτολεμαῖος

288 974 310 1050 ὅ
331 972 484 1068 Λάγου,
507 971 605 1066 dulps
625 966 767 1057 εὐθεῖαν,
790 966 836 1051 ὦς
856 973 914 1041 ἐπὶ
933 973 1083 1066 Μέμφιν.

334 1088 515 1153 Ptolemaeo
531 1086 632 1162 lavet,
657 1081 829 1147 Arrianum
847 1080 887 1145 de
907 1103 996 1147 more
1023 1093 1169 1162 seculus,
1190 1083 1311 1152 Auctor
1329 1083 1415 1152 Itius.

289 1195 387 1261 Alea.
405 1188 489 1259 LIII.⁴
512 1190 595 1257 Sane
613 1189 656 1266 si,
681 1187 769 1275 qnod
785 1198 1009 1275 praeterquam
1024 1188 1160 1255 Arriano
1175 1190 1270 1255 otiam
1288 1192 1420 1258 Plutar-

288 1300 352 1366 cho
373 1296 461 1388 (Ver.
475 1294 574 1363 Aua
594 1290 723 1379 XXVI.)
745 1293 869 1379 placet,
891 1292 1052 1359 conditam
1069 1294 1293 1362 Alexandriam
1311 1297 1418 1363 credi-

287 1426 359 1469 mus
377 1415 451 1471 ante
471 1404 533 1467 iter
550 1399 590 1465 ad
606 1400 813 1479 Ammonem,
838 1411 883 1464 est
910 1400 1004 1463 simul
1029 1399 1116 1487 quod
1137 1400 1321 1482 credamus,
1342 1404 1417 1469 Ale·

286 1511 445 1577 xandrum
470 1507 653 1574 brevissima
673 1507 725 1571 ria
746 1505 905 1591 Memphin
927 1518 1036 1591 petere
1055 1507 1225 1587 maluisse,
1245 1529 1341 1595 quam
1359 1530 1417 1595 per

285 1628 336 1682 tot
354 1617 458 1682 devias
484 1614 632 1700 ambages
661 1612 756 1677 fessas
785 1613 890 1699 copias
915 1612 949 1677 in
974 1612 1154 1700 Aegyptum
1177 1613 1343 1682 reducere.
1375 1615 1417 1680 At

285 1722 368 1789 haec
390 1744 453 1786 non
477 1722 521 1785 ita
544 1719 705 1806 explorata
733 1740 782 1783 res
808 1730 870 1798 est,
889 1730 926 1783 nt
946 1720 1086 1784 omnium
1112 1721 1304 1805 scriptorum
1323 1721 1418 1807 plau·

283 1830 470 1895 eumlerat.
502 1825 581 1893 Nam
608 1824 763 1890 Diodorus
791 1823 1302 1906 xvlt.52,currius1v.8.1
1330 1849 1416 1915 sqq„
1544 1840 1550 1855 “

285 1936 429 2001 lustinus
454 1934 511 2000 Xl.
545 1935 602 2012 11,
633 1930 748 2018 quibus
775 1931 899 1997 accedit
934 1933 1000 1999 Jul.
1028 1932 1172 2001 Valerius
1201 1932 1228 1998 Ι.
1259 1934 1300 1999 18
1323 1956 1416 2021 sqq„

285 2061 395 2106 omnes
422 2039 582 2105 conditam
609 2038 723 2103 urbem
747 2048 903 2103 testantur
929 2050 1000 2125 post
1028 2038 1210 2103 consultum
1238 2041 1415 2108 oraculum.

287 2144 493 2212 «Alexander
525 2142 581 2233 (ait
601 2141 765 2231 Curtius),
799 2144 839 2211 ab
877 2146 1052 2211 Hammone
1076 2145 1221 2224 rediens,
1251 2182 1292 2195 -
1319 2148 1417 2234 elegit
1537 2223 1541 2232 ,

276 2252 359 2319 urbi
380 2252 505 2329 locum,
526 2251 583 2315 ubi
605 2250 691 2315 nunc
718 2260 767 2314 est
785 2250 977 2317 Alexandria
996 2288 1052 2329 —‚
1075 2262 1108 2315 et
1129 2254 1187 2339 qui
1207 2249 1416 2317 exaedifican-

282 2358 346 2423 dae
370 2356 444 2421 urbi
465 2362 645 2441 praeissent
665 2356 805 2434 relictis,
825 2356 985 2442 Alemphin
1006 2358 1125 2444 petit.»
1159 2359 1262 2440 Quam
1282 2358 1371 2421 litem
1389 2342 1423 2423 ai*

282 2466 346 2549 qui
366 2472 455 2525 recte
472 2472 686 2545 componunt,
708 2460 924 2525 Alexandrum
939 2464 988 2527 bis
1006 2452 1202 2530 eunflocum
1223 2462 1337 2528 adiisse
1353 2476 1416 2529 sta·

281 2578 432 2646 tuentes,
452 2579 488 2632 ut
509 2588 610 2653 quum
631 2567 771 2652 primum
792 2566 944 2650 appulsus
972 2580 1053 2631 esset
1073 2592 1172 2635 norae
1194 2570 1281 2636 urbis
1300 2570 1416 2653 jecerit

241 2752 244 2757 Δ
280 2672 509 2752 fundamenta,
531 2695 631 2759 quum
659 2673 777 2736 iterum
802 2672 954 2750 venisset,
984 2676 1142 2737 curaverit
1169 2684 1201 2737 et
1224 2674 1416 2740 ordinaverit

280 2781 452 2859 interiora;
472 2780 568 2843 nesio
586 2778 718 2865 quidem
737 2777 902 2841 commode
914 2777 1046 2841 solvitur
1058 2776 1096 2842 de
1112 2778 1284 2845 Alexandri
1302 2781 1414 2845 itinere

283 2887 442 2973 quaestio.
473 2886 560 2949 Licet
584 2886 685 2971 igitur
714 2883 775 2948 hac
799 2884 832 2947 in
865 2906 899 2947 re
921 2885 1110 2960 Ptolemaei,
1134 2886 1273 2973 Aegypti
1298 2887 1412 2973 Regis,

283 2991 363 3056 fides
383 2992 545 3077 aliquanto
563 2991 664 3074 major
681 2990 781 3055 videri
798 2991 914 3075 possit,
938 2992 1075 3056 intanta
1094 3004 1200 3057 tamen
1223 2992 1414 3078 scriptorum

283 3096 444 3163 discordia
469 3097 549 3161 nihil
577 3096 753 3184 quidquam
782 3095 933 3160 dirimere
958 3111 1114 3183 praestat,
1143 3121 1239 3186 quam
1268 3100 1300 3162 in
1326 3100 1414 3165 illius

282 3216 391 3293 partes
411 3225 485 3275 cum
496 3202 657 3290 Dropseno
679 3204 723 3292 (p.
744 3199 836 3289 214.)
858 3202 962 3282 abiro,
984 3216 1093 3271 contra
1115 3227 1212 3292 quem
1234 3205 1274 3271 ad
1293 3205 1413 3271 Aristo·

283 3310 355 3375 buli
382 3309 476 3375 fidem
497 3310 648 3375 tuendam
669 3312 763 3375 etiam
790 3309 853 3375 Jul.
883 3311 1003 3377 Valerii
1029 3312 1210 3376 testimonio
1236 3321 1360 3391 uterer,
1387 3312 1414 3375 si

286 3438 354 3503 qua
371 3427 451 3481 esset
470 3416 547 3482 huic
572 3418 720 3503 scriptori
738 3418 770 3480 iu
792 3438 827 3479 re
845 3413 943 3479 dubia
964 3415 1136 3481 auctoritas
1157 3438 1166 3480 z
1187 3439 1259 3480 nam
1281 3439 1338 3503 per
1354 3418 1413 3483 Pa·

285 3525 465 3588 raetonium
485 3523 724 3603 Alexandriam,
745 3521 819 3588 hinc
844 3522 1005 3609 lllemphin
1024 3524 1086 3587 iter
1112 3535 1295 3610 susceptum
1317 3522 1414 3589 luisse

283 3628 403 3695 diserte
419 3628 570 3698 declarat.

818 3809 875 3877 IX.

327 3984 453 4051 Arrian.
486 3984 543 4053 VI.
576 3984 629 4051 11.
660 3987 776 4053 4-6.
811 3974 875 4070 Τὴν
899 3973 1216 4072 cumulatissime
1242 3976 1300 4071 την
1325 3973 1413 4065 πρός
1448 4040 1454 4055 ,

281 4090 423 4177 Δαρεῖον
448 4084 630 4176 γενομένην,
656 4079 733 4153 καθ’
758 4080 864 4176 ἥντινα
886 4080 989 4177 ἔφυγε
1009 4092 1164 4176 Δαρεῖος,
1178 4126 1218 4140 —-
1231 4082 1319 4178 πρὸς
1337 4079 1411 4175 ’Ap-

268 4180 397 4281 ’βὴλοις
422 4189 574 4277 γενέσθαι
596 4182 614 4257 ὁ
635 4190 703 4266 actis
723 4182 819 4277 λόγος
841 4188 977 4274 κατέχει.
993 4182 1188 4280 -”Αρβηλα
1209 4190 1246 4257 dd
1266 4189 1325 4256 τοῦ
1346 4180 1411 4273 χά-

283 4318 360 4383 pov,
388 4292 420 4360 ἐν
447 4284 476 4379 ᾦ
501 4287 557 4383 τήν
583 4284 717 4381 ἐσχάτην
748 4284 852 4381 μάχην
882 4284 1024 4381 Δαρεῖός
1050 4316 1087 4359 τε
1112 4293 1167 4378 καὶ
1194 4284 1411 4379 Ἀλέξανδρος

281 4394 496 4480 ἐμαχέσαντο,
525 4394 558 4463 οἱ
584 4395 642 4480 μὲν
669 4390 711 4461 τά
736 4397 874 4463 πλεῖστα
899 4386 1144 4486 ξυγγράψαντες
1172 4394 1327 4481 λέγουσιν,
1358 4388 1410 4463 ὅτι
1460 4475 1469 4487 Ι

281 4495 471 4578 ἑξακοσίους
500 4498 653 4575 erodiona
680 4490 809 4583 άττὲχει·
838 4500 870 4567 οἱ
898 4497 935 4567 δὲ
955 4492 997 4565 τά
1018 4490 1183 4581 ἐλάχιστα,
1208 4492 1259 4563 ὅτι
1279 4496 1313 4573 ἐς
1332 4490 1409 4566 nea-

280 4601 462 4679 τακοσίους.
484 4592 588 4671 Ἀλλά
610 4601 642 4669 ἐν
657 4593 879 4693 Γαυγαμήλοις
895 4596 956 4692 γάρ
974 4600 1128 4688 γενέσθαι
1140 4593 1197 4689 την
1205 4590 1310 4692 μάχην
1322 4595 1409 4692 πρὸς

281 4704 333 4788 τῷ
354 4706 494 4790 ποταμῷ
514 4695 699 4789 Βουμάδῳ,
722 4704 807 4792 λέγει
828 4706 1097 4787 Πτολεμαῖος
1117 4702 1172 4770 καὶ
1192 4694 1409 4793 Ἀριστόβου-
