3617 5892
952 704 994 769 28

413 875 554 941 ricorum
580 872 789 952 dissensione,
821 884 858 937 ut
888 875 939 941 rix
969 894 1047 962 opus
1074 875 1116 941 sit
1145 875 1208 947 lul.
1236 877 1374 958 Valerii,
1404 879 1546 967 inriguis

322 994 327 1007 “
414 980 651 1047 mendaciorum
660 979 908 1067 fabularumque
920 980 1109 1066 captatoris,
1123 992 1337 1049 eommoutum
1348 1004 1546 1066 memorare,

392 1169 396 1179 ,
415 1087 469 1151 oui
486 1086 704 1172 scrupulosam
720 1086 870 1151 nimirum
882 1084 1081 1175 diligentiam
1101 1087 1265 1155 simulanti
1283 1108 1437 1158 summam
1458 1094 1546 1161 mili·

415 1193 549 1257 tantium
566 1191 607 1257 ad
628 1192 900 1264 tooothomines
927 1216 1046 1281 augere
1074 1194 1206 1280 placuit.
1241 1194 1316 1264 vid.
1344 1193 1422 1263 Iler.
1438 1212 1545 1286 guest.

415 1296 511 1364 Aloe.
529 1298 556 1367 Ι.
580 1300 634 1367 15.

959 1494 998 1562 V.

457 1682 582 1748 Arriae.
616 1682 660 1747 11.
692 1684 745 1750 11.
769 1683 803 1749 8.
837 1677 909 1747 Teis
932 1679 1087 1808 Περσιρν
1098 1672 1266 1750 dosideres
1294 1682 1352 1768 μὲν
1382 1674 1546 1773 Ἀρσάμης

413 1808 467 1850 και
457 1777 590 1868 Ῥεομὶ
589 1788 676 1875 θρης
696 1785 751 1852 καὶ
773 1774 927 1875 Ἀτιζύης
946 1784 1012 1851 τῶν
1033 1780 1088 1852 ἐπὶ
1104 1785 1251 1955 Γρανικῳ
1258 1774 1476 1910 ἡγησαμένων
1482 1813 1544 1855 του

300 1894 303 1903 “
415 1887 559 1954 ἱππικοῦ.
581 1880 809 2015 Ἀποθηησκει
824 1886 862 1955 δὲ
882 1886 936 1953 καὶ
962 1878 1110 1979 Σαβάκης
1136 1879 1155 1956 ὁ
1178 1881 1351 1976 Αἰγύπτου
1375 1882 1545 1981 σατράπης

413 2016 465 2055 και
457 1981 650 2080 Βουβάκης
665 1991 729 2058 τῶν
745 1990 877 2076 ἐντίμων
894 1992 1046 2111 Περσῶν,
1067 2015 1104 2057 το
1096 1983 1157 2057 δὲ
1171 1982 1251 2058 itte
1260 1992 1439 2089 πλῆθρς
1408 2016 1454 2070 εις
1466 1994 1544 2063 δέκα

412 2088 551 2176 μάλιστα
577 2086 756 2186 μυριάδας,
777 2094 832 2160 καὶ
851 2092 884 2161 ἒν
903 2085 1031 2210 τούτοις
1053 2092 1168 2169 ἱππεῖς
1189 2086 1274 2184 υπὲρ
1296 2091 1374 2172 τούς
1395 2094 1543 2215 μυρίορς,

280 2190 284 2197 ’
413 2188 498 2262 ὥστε
527 2194 613 2283 λέγει
646 2188 949 2316 Πτολεμαῖος
931 2220 949 2263 o
985 2185 1135 2283 Λάγου,
1165 2189 1507 2285 ξυνεπισπόμενος
1468 2200 1545 2269 τοτε

302 2382 309 2399 ⁸
412 2289 635 2388 Ἀλεξάνδρῳ,
656 2320 734 2375 τους
754 2292 838 2381 μετά
855 2297 955 2425 σηκῶν
975 2288 1148 2374 διώκοντας
1170 2302 1319 2389 Δαρεῖον,
1341 2294 1388 2377 οἷς
1407 2298 1461 2368 ἐπὶ
1477 2295 1544 2392 ed

412 2400 507 2520 ραγγὶ
524 2426 586 2467 τινι
602 2401 635 2469 ἐν
652 2426 693 2490 τη
679 2392 865 2481 διώξει’
847 2398 1006 2488 εγὲνοντο,
1027 2399 1084 2467 επὶ
1102 2400 1167 2467 τῶν
1184 2402 1303 2492 νεκρῶν
1321 2405 1472 2493 διαβῆναι
1488 2398 1544 2495 την

323 2512 331 2535 ’
412 2526 576 2592 Ψαθαγγα·

458 2610 495 2675 ln
525 2612 736 2677 nobilioribus
765 2612 934 2675 Persarum
964 2609 1117 2691 ducibus,
1148 2612 1205 2698 qui
1234 2613 1268 2675 in
1291 2612 1355 2677 hoo
1377 2610 1417 2677 ad
1441 2614 1545 2679 issum

413 2719 537 2802 proelio
559 2718 766 2798 oeciderunt,
796 2718 884 2809 apud
909 2717 1085 2781 Diodorum
1112 2736 1242 2803 quoque
1267 2716 1378 2806 (xvss.
1399 2714 1464 2805 34.)
1484 2742 1547 2786 no-

410 2824 572 2890 minantur
594 2813 747 2909 Ἀτιζύης
772 2821 821 2908 (ot
841 2842 901 2907 pro
921 2810 1091 2908 Ἀντιξάης
1111 2821 1180 2905 jem
1203 2822 1341 2892 Wessel.
1364 2826 1458 2891 soribi
1476 2826 1549 2910 jus»

411 2927 464 3014 sit)
488 2927 543 2992 soi
561 2920 755 3013 Ῥεομίθρης
775 2923 828 2988 καὶ
849 2917 869 2989 ὁ
891 2923 949 3012 τῆς
966 2916 1137 3010 Λάγύπτου
1158 2916 1330 3015 σατράπης
1351 2920 1545 3017 Στασιάκης,

411 3033 462 3096 vel
487 3044 526 3101 ut
559 3031 703 3116 pridem,
732 3028 832 3116 idque
860 3029 1002 3093 deterius
1032 3030 1146 3110 etiam,
1177 3032 1344 3118 legebatur
1377 3023 1547 3121 Τασιάνης.

411 3141 492 3203 Nam
517 3138 571 3202 hio
602 3155 733 3223 quoque
767 3122 917 3219 Σαβάκης
946 3135 1178 3201 restituendum
1208 3137 1352 3219 videtur3
1385 3131 1546 3225 quomodo

412 3248 506 3311 etiam
531 3244 641 3311 Curtio
672 3240 744 3331 (111.
775 3245 827 3309 11.
859 3238 926 3328 10.)
956 3240 1083 3306 eosdem
1107 3228 1295 3308 memoranti
1318 3256 1470 3325 vocatur,
1490 3244 1546 3309 ubi

411 3375 472 3419 our
501 3350 702 3417 lluetrellius
730 3370 908 3436 paucorum
933 3348 1082 3423 codicum
1111 3351 1303 3414 auctoritate
1327 3370 1443 3417 novam
1467 3350 1547 3417 sori-

410 3471 537 3546 pturam
553 3456 693 3523 Sotooos
708 3457 859 3542 vulgatae
875 3456 1078 3541 praetulerit,
1098 3456 1244 3540 plurimis
1268 3452 1358 3521 libris
1376 3458 1544 3542 probatae,

411 3589 475 3631 non
493 3567 665 3651 perspicio.
688 3564 845 3629 Universa
862 3572 971 3627 autem
987 3558 1028 3625 ad
1046 3561 1149 3625 Issum
1165 3563 1329 3648 ingentem
1349 3564 1447 3627 luisse
1464 3565 1546 3627 inter

411 3672 520 3735 Persas
540 3670 659 3735 editam
677 3680 834 3756 stragem,
858 3690 924 3733 uno
944 3662 1000 3732 σεο
1020 3668 1224 3733 consentiunt
1245 3690 1370 3749 omues3
1397 3691 1459 3733 uec
1484 3670 1545 3732 rui-

412 3798 485 3841 rum
502 3775 598 3855 adeo,
616 3778 643 3840 si
662 3775 723 3840 hoo
750 3776 855 3861 ipsum
876 3774 1040 3860 proelium
1060 3775 1203 3861 cogitans
1222 3772 1414 3841 Plutarchus
1436 3774 1548 3866 (oses,

411 3880 451 3948 ds
478 3878 579 3947 Aloe.
614 3883 657 3948 ΙΙ.
695 3880 758 3969 9.),
789 3875 918 3961 αἵματι,
941 3880 1003 3960 ait,
1024 3875 1237 3964 κεκραμένους
1264 3870 1436 3961 ποταμούς
1458 3872 1548 3958 ἔπιε,

410 3986 465 4071 καὶ
484 3970 615 4076 νεκροῖς
627 3982 917 4075 γεγεφυρωμένους
938 3980 1044 4071 διέβη.
1074 3983 1148 4066 Quo
1171 3984 1244 4051 loco
1261 3984 1405 4051 firmatus
1421 3985 1549 4052 Grono-

411 4095 480 4159 vius
495 4113 603 4157 veram
618 4091 760 4158 reddidit
779 4092 961 4156 Ptolemaeo
980 4089 1185 4169 sententiam,
1205 4081 1282 4163 τους
1295 4076 1469 4163 ὄαάκοντας
1479 4093 1549 4156 Λα

411 4202 513 4284 ρεῖαν,
522 4188 570 4273 αῖς
580 4193 637 4262 ἐπὶ
650 4186 830 4285 φάραγγί
839 4190 942 4261 τινιέν
951 4192 992 4281 τῇ
1003 4183 1113 4273 διώξει
1126 4190 1277 4280 ἐγένοντο,
1285 4188 1343 4259 ἐπὶ
1353 4191 1418 4257 τῶν
1427 4191 1549 4279 καιρῶν

412 4302 561 4391 διαβῆναι
572 4293 630 4389 την
642 4288 841 4389 φάραγγα.
863 4299 1165 4367 Scribebaturenim
1185 4288 1328 4386 φάλαγγι
1338 4309 1370 4363 ot
1385 4287 1548 4383 φάλαγγα.

416 4405 487 4473 vid.
507 4407 577 4492 ejus
595 4418 628 4471 et
646 4403 798 4470 Ellendtii
817 4404 859 4470 ad
879 4405 914 4475 h.
935 4406 957 4474 l.
980 4417 1088 4473 annot.
1124 4408 1230 4489 Quom
1248 4424 1323 4469 vero
1345 4403 1549 4471 Ptolemaeus

414 4514 574 4578 recensuit
601 4530 767 4577 caesorum
795 4530 981 4593 numerum,
1008 4536 1027 4577 a
1056 4511 1229 4579 Plutarolro
1255 4510 1294 4580 V
1292 4512 1333 4575 it.
1360 4506 1461 4579 Atos.
1486 4506 1550 4571 XX

413 4617 548 4701 integris
571 4618 683 4684 deoem
708 4617 852 4686 millibus
872 4630 1022 4699 auotum,
1044 4620 1085 4685 do
1115 4642 1152 4685 εο
1170 4618 1251 4706 quid
1273 4614 1484 4701 judicandum
1508 4614 1550 4683 sit

413 4727 513 4808 eopia
531 4745 564 4807 p.
578 4728 618 4789 15
631 4726 736 4792 verbis
754 4724 907 4813 ltroyseui
930 4726 1079 4795 iudicari.
1107 4728 1213 4813 Longe
1231 4723 1424 4815 moderatius
1441 4735 1549 4790 οκοισι
