3617 5892
1206 684 1223 718 ,
1311 684 1318 701 .

817 742 859 807 69

277 907 450 999 sipontus,
472 901 621 1001 Χάρητα,
649 910 855 1002 Χαρίδημον,
885 904 1051 995 Διότιμον,
1080 915 1285 1005 Πατροκλέα,
1316 919 1407 987 Κάρ.

277 1025 424 1112 σανδρον.
453 1023 574 1087 Dsocm
592 1024 771 1109 pollicitus,
791 1022 889 1093 donat
907 1024 1070 1090 ααδοοίον.
1105 1025 1178 1091 Sod'
1194 1029 1271 1094 ritio
1296 1044 1407 1115 aperte

275 1138 421 1204 laborant
435 1146 593 1231 postrema
612 1157 620 1199 τ
639 1157 712 1201 nam
730 1138 792 1202 nisi
809 1158 868 1224 pro
881 1134 1074 1223 Πατροκλέα
1091 1160 1166 1203 curn
1183 1138 1357 1207 Plutarcho
1374 1156 1406 1208 ct

273 1249 408 1315 Arriano
427 1246 600 1335 legendum
618 1259 666 1311 est
688 1244 892 1334 Μοιροκλέα,
915 1246 950 1309 in
970 1234 1183 1335 Κάσσανδρον
1204 1258 1325 1331 muron,
1345 1276 1403 1319 cu.

269 1356 321 1440 jus
342 1354 477 1419 nominis
506 1354 672 1420 Oratorem
695 1352 839 1418 Athenae
862 1352 1069 1439 ignorarunt,
1097 1352 1249 1428 mendum
1272 1354 1404 1424 haerere

272 1472 421 1549 apparet,
445 1458 533 1547 quod
552 1460 598 1525 sic
625 1459 754 1524 sustulit
779 1457 1010 1537 Ruhnkenius,
1038 1466 1078 1523 ut
1099 1458 1254 1525 scriberet
1274 1484 1282 1525 τ
1301 1455 1405 1539 οὕτως

271 1554 521 1653 Ἀριστόβουλος
542 1556 562 1629 ὁ
582 1551 826 1650 Κασσανδρεύς.
852 1566 963 1629 «llaec
984 1564 1169 1649 conjectura
1191 1563 1338 1656 (monet),
1357 1568 1404 1632 la-

272 1682 342 1736 teor
366 1670 467 1751 enim,
495 1667 647 1735 audacior
668 1668 772 1753 rideri
790 1672 899 1757 possit.
935 1671 998 1736 Sed
1022 1692 1149 1738 omnem
1172 1671 1406 1739 dubitationem

273 1778 382 1843 eximit
398 1776 590 1842 Plutarchus
612 1778 636 1845 l.
657 1798 703 1858 c.,
724 1777 797 1864 qui,
815 1778 871 1842 ubi
889 1776 1025 1843 eandem
1042 1800 1110 1843 rem
1128 1792 1302 1859 narrasset,
1327 1780 1406 1845 suh

269 1882 378 1969 jungit
403 1904 410 1946 :
436 1880 539 1947 ταῦτα
564 1877 624 1964 μὲν
651 1867 706 1945 οὖν
731 1872 852 1971 Ἀριστ.
881 1871 899 1947 d
926 1888 1032 1947 Κασσ.
1052 1872 1237 1971 ἱστόρηκε.»
1271 1884 1325 1950 sie
1348 1886 1406 1954 Vir

271 1988 392 2069 Colch,
411 2007 511 2075 quum
522 1985 619 2071 paulo
636 1981 709 2051 ante
721 1995 807 2051 recte
828 1986 977 2051 vetuisset
994 1984 1142 2068 Suidam,
1160 1989 1239 2055 alios
1255 2002 1405 2058 auctores

267 2106 433 2175 secutum,
451 2091 492 2158 ad
514 2091 681 2157 Plutarchi
698 2092 870 2158 lectionem
903 2092 1108 2161 conformari.
1140 2095 1182 2160 At
1207 2095 1278 2161 ride
1291 2108 1404 2184 quan·
1520 2084 1528 2099 ’

268 2186 340 2268 tum
362 2199 568 2266 dubitationis
590 2197 717 2289 injiciat
739 2197 944 2266 Plutarchus.
988 2199 1139 2269 Diversus
1167 2223 1340 2283 numerus,
1353 2202 1404 2268 di-

267 2329 360 2373 versa
393 2305 532 2371 nomina.
575 2304 663 2371 Nihil
694 2306 801 2391 igitur
829 2304 948 2371 Suidac
987 2327 1062 2371 cum
1094 2307 1288 2389 Plutarcho,
1324 2310 1406 2375 nihil
1455 2298 1459 2304 ¹

220 2396 222 2399 ⁵
268 2415 365 2479 ctiam
385 2432 459 2476 cum
478 2410 661 2473 Aristobulo
687 2432 871 2490 commune,
891 2413 958 2476 sire
980 2411 1067 2477 hunc
1086 2414 1260 2481 Plutarcho
1282 2416 1404 2482 sontem

268 2520 368 2584 fuisse
390 2534 535 2593 censeas,
566 2536 642 2593 seu,
671 2514 759 2600 quod
782 2514 958 2594 credibile,
980 2518 1126 2587 Arriano.
1159 2521 1278 2587 Suidac
1296 2524 1404 2598 locus,

266 2624 330 2691 bac
350 2632 510 2707 postrema
534 2630 643 2705 parte,
667 2642 731 2704 nna
756 2620 872 2706 Toupii
889 2619 1013 2686 medela
1031 2637 1172 2694 sanatur.
1208 2629 1255 2693 llo
1274 2629 1406 2712 Antipa-

267 2743 318 2795 tro
339 2727 417 2793 Iolai
438 2728 463 2793 f.
490 2727 635 2805 locutus,
660 2726 773 2791 Suidas
799 2748 882 2791 noso
913 2728 1018 2813 capite
1035 2750 1066 2795 v.
1089 2718 1301 2819 Ἀντίπατρος
1317 2736 1407 2796 Κασ-

269 2825 425 2923 σάνδρου,
449 2830 489 2896 dc
510 2831 611 2896 altero
631 2833 803 2918 Antipatro
822 2830 923 2912 dixit,
951 2832 1115 2901 Cassandri
1141 2836 1178 2916 l.,
1202 2859 1221 2902 a
1241 2835 1405 2901 Demetrio

267 2950 396 3020 nccat03
421 2938 486 3017 vel,
509 2935 597 3024 quod
613 2928 721 3023 potius
743 2938 821 3003 mihi
839 2937 978 3019 ridetur,
1001 2960 1042 3004 ne
1062 2941 1210 3007 lacunam
1228 2942 1404 3030 fingamus,

266 3045 499 3111 huncalterum
509 3043 715 3130 Antipatrum
725 3046 911 3111 memorarit
923 3056 1058 3127 tantum,
1075 3058 1112 3112 ut
1119 3050 1244 3135 saepius
1255 3050 1289 3115 in
1302 3037 1406 3113 norni-

267 3153 361 3218 nibus
378 3172 472 3238 agere
483 3150 576 3218 solet.
598 3152 698 3231 Hinc,
720 3153 833 3216 omissa
850 3154 992 3219 ascribis
1006 3174 1085 3219 soce
1098 3143 1324 3243 Ἀντίπατρος,
1345 3175 1404 3219 vox
1462 3218 1466 3223 .

266 3246 482 3345 Κασσάνδρου
502 3257 537 3321 in
556 3244 769 3343 Κάσσανδρον
790 3270 912 3325 mutata
935 3260 1108 3327 Oratorum
1129 3260 1311 3325 nominibus
1329 3258 1404 3324 addi

267 3364 385 3449 coepit.
427 3384 430 3389 ·
486 3416 488 3421 ,

308 3468 462 3547 Interim,
491 3466 579 3555 quod
598 3489 662 3532 non
683 3470 806 3533 monuit
830 3468 1063 3548 Ruhnkcnius,
1082 3490 1214 3535 monere
1231 3480 1338 3533 tamen
1360 3470 1403 3533 ab

265 3575 312 3641 bis
332 3597 398 3640 non
416 3576 558 3641 alienum
575 3586 673 3661 puto,
692 3574 916 3641 totus-Suidac
932 3576 1043 3655 locus,
1065 3577 1213 3640 restituta
1233 3575 1328 3641 etiam
1348 3596 1407 3640 ex·-

223 3688 227 3701 '
264 3694 367 3748 trema
384 3692 494 3768 parte,
515 3682 646 3768 egregie
664 3679 851 3767 depravatus
879 3694 943 3763 est3
966 3703 1136 3769 quaeres,
1157 3692 1286 3767 praeter
1305 3683 1401 3761 alios,
1428 3686 1436 3702 .

263 3788 379 3853 felcllit
397 3789 494 3854 etiam
510 3785 739 3855 Waohsruuth.
756 3786 846 3854 Καί
862 3784 1007 3873 Atttffp
1027 3790 1094 3855 679
1113 3808 1186 3855 nor.
1204 3787 1282 3857 edit.
1306 3788 1402 3854 Ordi-

264 3905 315 3959 tur
328 3894 417 3959 enim
431 3892 547 3959 Suidac
559 3893 621 3959 hoo
633 3891 749 3957 modo:
761 3881 913 3973 Ουτος,’
895 3913 969 3957 anes
959 3885 1196 3973 διεδέξατο
1157 3915 1215 3980 την
1227 3884 1326 3981 ἆρχὴν
1338 3892 1404 3956 τῶν

264 3989 464 4067 Μακεδόνων
468 3988 712 4091 &statuariis
725 3992 826 4079 μὲνέν
838 3993 956 4081 Λαμίᾳ
965 3986 1253 4082 τῆςΘεσσαλίας“
1232 4018 1280 4082 οφ
1285 3982 1402 4080 Ἑλλή-

264 4134 350 4177 νων·
365 4100 640 4237 αναχωρησοίντρνν
654 4106 692 4174 δὲ
704 4106 768 4173 ταῖν
781 4104 954 4188 Αἰτωλῶν,
969 4098 1039 4174 εἶτα
1053 4130 1119 4173 των
1138 4098 1260 4187 ἄλλων,
1276 4094 1402 4190 ἐσώθη.

264 4209 502 4309 Ναὴσαςδὲ,”
480 4205 1010 4308 ῃτειτοδςδίναρἡτσρας,οοςίξί
1011 4218 1111 4283 docos
1122 4208 1302 4305 Ἀθηναῖοι.
1314 4214 1403 4279 Sub-

265 4336 410 4423 sequitur
428 4334 600 4401 Oratorum
617 4331 775 4399 recensio.
791 4330 852 4397 Illa
872 4342 979 4396 autem
998 4350 1104 4395 nonne
1120 4330 1195 4393 lnce
1212 4328 1330 4393 clarius
1346 4336 1395 4391 est

265 4440 303 4505 de
332 4440 530 4529 temporibus
557 4438 622 4503 dici
651 4450 723 4524 post
750 4436 988 4516 Alexandrum,
1012 4456 1114 4523 quum
1131 4432 1283 4500 Pharsalo
1295 4442 1397 4561 capta

252 4530 431 4633 ‘Antipater
450 4545 696 4614 Atheniensibus
713 4544 910 4610 obsidionem
925 4545 1118 4619 minaretur,
1138 4533 1170 4601 ci
1185 4528 1232 4623 μή
1246 4529 1323 4611 τούς
1339 4528 1398 4626 ῥὴ
1406 4561 1410 4566 ·
1496 4555 1501 4561 ·

264 4667 365 4738 τορας
390 4650 558 4741 ἐκδοίησαν
582 4651 690 4741 (Vtra
719 4650 755 4715 X
778 4651 891 4717 Orott.
918 4650 970 4715 sd.
992 4649 1165 4714 Wcsterm.
1190 4666 1224 4730 p.
1252 4641 1336 4730 77.),
1364 4654 1424 4706 ου

265 4769 398 4845 accepto
428 4762 538 4826 nuntio
566 4756 776 4824 Demochares
808 4758 914 4844 gladio
940 4755 1123 4820 succinctus
1150 4753 1396 4819 concionaretur
