3617 5892
816 677 857 781 ιι

271 898 453 961 firmaverat
479 892 539 957 sihi
574 889 801 956 validissimum
830 889 968 975 Aegypti
996 908 1148 975 regnum,
1182 892 1287 977 potnit
1310 905 1399 961 certe

270 1004 375 1067 lihers
390 1001 437 1065 uti
451 997 580 1064 dicendi
593 997 763 1091 facultate,
778 1016 842 1059 nou
858 1017 896 1059 eo
914 992 1164 1059 adversariorum
1182 1008 1270 1063 metu
1287 997 1399 1079 odiose

270 1108 423 1187 adactus,
446 1106 498 1169 vel
514 1104 619 1171 studio
638 1102 870 1189 potentioribus
891 1100 1077 1167 blandiendi
1094 1102 1269 1189 pellectus,
1288 1117 1325 1171 ut
1341 1104 1398 1171 ad·

271 1214 415 1280 versanis
432 1210 603 1277 scribendo
621 1211 835 1287 obtrectaret,
858 1208 1034 1273 amicorum
1051 1206 1160 1273 laudes
1179 1210 1320 1295 impense
1336 1234 1398 1279 su-

272 1330 373 1408 geret.
402 1316 490 1401 Quid
511 1318 605 1383 etiam
623 1327 693 1381 tum
709 1315 925 1402 potissimum,
949 1335 1050 1400 quum
1068 1315 1152 1380 lecta
1169 1316 1308 1381 virorum
1324 1340 1400 1383 eru·

271 1427 502 1491 ditissimorum
537 1444 656 1489 corona
691 1423 815 1505 cinctus
853 1421 1063 1506 tranquillum
1096 1422 1266 1487 senectutis
1299 1424 1399 1489 otium

270 1533 371 1597 literis
396 1526 586 1594 exhilararet
603 1527 647 1615 ¹),
679 1527 831 1623 invidiam
849 1528 990 1591 animum
1012 1525 1081 1611 ejus
1098 1513 1269 1613 occupasse
1287 1528 1401 1593 creda·

267 1660 364 1717 mus,
388 1657 485 1723 quem
505 1646 636 1721 propter
656 1625 696 1699 ad
716 1629 854 1706 ἐπιεικὲς
869 1629 924 1695 καὶ
940 1620 1191 1719 φιλάνθρωπον,
1215 1654 1399 1719 generosam

269 1745 401 1808 omnino
418 1740 558 1805 indolem
566 1739 612 1828 ²),
632 1740 713 1806 adeo
729 1740 902 1805 dilexerint
915 1762 1040 1819 omnes,
1057 1751 1113 1820 ut,
1131 1740 1213 1826 Regi
1231 1760 1271 1803 au
1292 1760 1400 1826 popu·

268 1849 393 1913 laribus
411 1848 515 1911 carior
534 1858 631 1925 esset,
652 1846 716 1931 jam
734 1848 805 1911 sivo
823 1846 1003 1911 alexandro
1020 1857 1124 1932 posset
1143 1845 1284 1910 dubitari
1303 1843 1342 1931 ι).

315 1954 363 2018 Ita
387 1954 413 2017 si
437 1952 562 2017 Arriani
586 1952 746 2036 judicium
774 1954 1043 2037 interpretamur,
1076 1950 1161 2016 haud
1183 1952 1228 2016 ita
1249 1950 1400 2017 absurdas

267 2060 407 2125 rationes
422 2058 597 2123 reddidisse
611 2059 775 2139 rideatur,
793 2080 853 2123 cur
869 2040 1053 2125 Pt‘olemaeo
1069 2070 1193 2125 tantum
1205 2056 1401 2123 credendum

265 2257 470 2268 ..ι-..ᾐ-

301 2360 329 2426 1)
347 2362 450 2411 Luhens
465 2362 533 2411 anim
550 2360 674 2412 assentior
690 2362 781 2412 ticiero
792 2379 818 2427 p.
834 2361 885 2411 75:
898 2361 1023 2412 «Nullum
1039 2362 1160 2429 temporis
1173 2359 1280 2427 spatium
1290 2360 1402 2425 repertas

262 2447 301 2497 ad
325 2446 376 2496 tale
402 2464 466 2511 opus
492 2449 696 2512 componendum
721 2451 800 2511 magis
824 2450 984 2498 commodum
1000 2455 1078 2511 atque
1098 2450 1234 2511 idoneum,
1260 2464 1336 2512 quam
1356 2464 1400 2513 po·

262 2539 377 2581 stremos
390 2534 444 2582 eius
460 2533 533 2594 regni
548 2548 642 2597 annos,
660 2522 771 2596 quihus,
786 2533 818 2580 ah
834 2534 945 2579 externis
956 2534 1071 2582 hostIhus
1089 2534 1149 2583 satis
1169 2539 1256 2595 tutus,
1275 2538 1330 2582 tum
1348 2534 1401 2583 otio

261 2618 405 2667 fruebatur
424 2620 482 2667 saus
504 2618 591 2679 largo,
612 2622 666 2665 tum
690 2618 802 2667 ιίιοιοιιι
824 2616 1023 2665 doctissimorum
1048 2619 1136 2667 intima
1155 2618 1280 2681 gaudebat
1296 2634 1402 2669 cousue-

262 2704 357 2754 tudine
372 2720 402 2753 so
418 2704 596 2753 familiaritate.
615 2686 687 2753 luter
702 2719 767 2767 quos
780 2703 930 2752 excelluisse
940 2703 1196 2753 scimusllcmetrium
1207 2704 1400 2766 phalereum,

263 2792 343 2841 cuius
369 2790 418 2839 riri
436 2790 593 2839 familiaritas
612 2790 651 2838 vix
669 2794 753 2853 potest
777 2790 904 2851 dubitari,
924 2790 988 2851 quin
1006 2790 1084 2838 etism
1106 2789 1137 2838 sd
1155 2790 1292 2839 Ptolemaei
1308 2788 1401 2854 librum

263 2877 480 2952 conscribendum
498 2877 584 2939 magui
597 2876 720 2925 momenti
737 2876 847 2925 suerit.»
867 2874 987 2937 Confugit
1004 2880 1087 2923 autem
1107 2876 1248 2923 Demetrius
1269 2876 1296 2923 in
1318 2875 1403 2939 Aegy-

263 2968 340 3029 ptum
356 2963 386 3011 ad
404 2962 575 3011 Ptolemaeum
595 2962 742 3026 paulopost
758 2961 852 3009 exitum
869 2958 1013 3023 Casmndri,
1027 2960 1120 3009 mortui
1135 2976 1157 3009 ι.
1171 2956 1230 3009 296.
1256 2960 1308 3025 Qua
1327 2960 1358 3009 de
1374 2976 1402 3010 re
1501 2953 1504 2961 ’

262 3048 386 3097 dixerunt
399 3048 552 3110 Wesseling.
567 3047 599 3096 ad
615 3047 685 3099 Iliod.
700 3048 750 3096 Sic.
769 3045 823 3097 XX.
845 3044 896 3109 46,
916 3046 1040 3103 Valckeu.
1059 3048 1148 3096 Diotr.
1168 3046 1199 3095 do
1209 3046 1322 3095 Aristol.
1338 3044 1400 3099 lad.

263 3151 293 3200 p.
311 3133 345 3183 52
361 3149 399 3197 sq.
414 3138 441 3182 et
455 3136 569 3197 Ilroysen
590 3134 680 3182 Gescls.
700 3134 725 3182 d.
743 3131 840 3189 Noohf.
858 3132 934 3181 Alae.
953 3148 980 3196 p.
995 3130 1053 3181 631.
1073 3134 1108 3181 ct
1128 3133 1233 3182 GeIerus
1250 3150 1276 3198 p.
1295 3131 1338 3193 634.

303 3225 330 3291 2)
348 3228 464 3275 Testatur
479 3227 550 3276 ttiod.
566 3226 614 3275 Sic.
632 3226 723 3275 xviii.
744 3224 776 3279 tt
794 3242 800 3274 :
820 3217 1009 3294 Πτολεμαῖος
1030 3252 1070 3267 -·
1093 3221 1155 3291 τοῖς
1177 3214 1335 3299 ἐγχωρίοις
1351 3238 1402 3301 ps-

263 3306 460 3397 λανθριόιιως
480 3308 697 3397 προσεφέρετο·
712 3351 752 3363 -
766 3312 921 3398 συνέτρεχε
944 3313 979 3379 δὲ
999 3317 1048 3380 καὶ
1071 3316 1166 3400 φίλων
1187 3322 1306 3403 πλῆθος
1324 3315 1402 3404 πρός

265 3412 361 3479 οὗτοι
382 3412 433 3479 sisoi
454 3411 509 3499 τήν
530 3414 689 3479 ἐπιείκειαν.
712 3429 743 3478 ut
762 3430 855 3480 iterum
878 3430 943 3483 xlx.
966 3431 1016 3497 86,
1039 3416 1360 3487 cott.XVit.103:³Hv
1382 3418 1403 3484 o‘

264 3513 416 3601 δυνάστης
442 3509 529 3595 οὗτος
554 3515 628 3582 καθ’
652 3514 820 3604 ὑπερβολήν
848 3514 974 3601 ἐπιεικής
1000 3518 1050 3581 καὶ
1078 3517 1329 3603 σογγνωμοιιικδς,
1355 3518 1400 3587 i'n

264 3619 294 3685 δ’
323 3617 509 3706 εὐεργετικός.
532 3616 623 3706 Ὅπερ
650 3622 700 3683 καὶ
725 3616 856 3703 μάλιστα
884 3618 975 3684 αὐτόν
1003 3614 1115 3707 ηὔξησε
1143 3648 1176 3688 τε
1201 3624 1250 3688 καὶ
1277 3622 1402 3703 πολλοῦς

261 3721 401 3810 ἐποίησιν
430 3724 591 3807 ἐπιθυμεῖν
619 3728 794 3810 κοινωνῆσαι
821 3725 876 3808 τῆς
904 3726 1012 3809 φιλίας.
1045 3736 1140 3803 Quibus
1162 3740 1264 3803 egregie
1287 3741 1401 3789 concinit

262 3830 340 3881 locus
362 3832 462 3880 Aeliani
492 3834 518 3882 V.
543 3834 579 3883 ll.
603 3832 668 3885 XIII.
690 3831 738 3896 13,
765 3848 840 3897 quem
855 3833 932 3897 paulo
950 3830 1109 3880 enucleatius
1126 3832 1196 3893 legas
1211 3847 1251 3894 ap.
1268 3830 1399 3883 Plutarch.

262 3918 392 3983 Apopitt.
421 3919 488 3983 Bag.
516 3919 566 3981 (cd.
588 3916 694 3983 hutten)
720 3918 781 3968 VIII
802 3935 827 3983 p.
853 3916 912 3969 105.
940 3919 1053 3980 Denique
1077 3916 1109 3965 de
1130 3917 1277 3968 Ptolemaeo
1299 3918 1400 3967 Curtios

262 4003 310 4055 IX.
323 4003 349 4052 8.
363 4000 397 4050 23
415 4021 421 4051 :
443 4004 552 4068 «Idem,
571 4005 621 4068 ait,
640 4006 752 4071 corporis
778 4010 862 4053 custos
880 4003 1132 4071 promptissimusque
1150 4004 1268 4067 bellator,
1286 4008 1312 4051 et
1330 4002 1399 4068 pacis
1419 4074 1422 4079 Ι

261 4089 363 4138 artibus
389 4105 465 4151 quam
486 4090 591 4138 militiae
610 4092 692 4154 major
713 4096 739 4140 et
762 4091 863 4156 clarior,
886 4092 986 4157 modico
1001 4090 1122 4155 civilique
1141 4090 1229 4155 cultu,
1244 4089 1356 4139 liberalis
1371 4087 1398 4137 in

261 4174 353 4241 primis
367 4175 488 4239 adituque
503 4177 590 4241 sacili,
608 4176 674 4225 nihil
692 4193 722 4225 ex
739 4174 805 4226 sustu
822 4178 892 4241 regio
910 4180 1110 4243 assumpserat.»

299 4256 327 4323 3)
345 4261 444 4310 Curtius
467 4263 485 4310 1.
511 4262 529 4312 l.
555 4258 604 4326 21,
629 4262 723 4327 quihus
745 4264 855 4327 graviter
882 4268 979 4329 pugnat
1006 4264 1178 4312 testimonium
1195 4258 1294 4309 Aeliani
1315 4258 1342 4308 V.
1362 4260 1397 4329 11.

263 4354 322 4404 XII.
350 4352 399 4418 16,
422 4354 514 4403 ιιιοιίιο
536 4360 649 4421 spretum
668 4373 683 4405 a
702 4358 791 4407 Geiero
809 4376 835 4425 p.
855 4357 890 4408 17
912 4377 950 4425 sq.
968 4377 974 4408 z
993 4342 1186 4431 Ἀλέξανδρος
1207 4341 1397 4423 Πτολεμαίου

262 4445 310 4533 τῷ
330 4444 419 4531 δεξιῷ
440 4438 572 4528 ἤχθετο,
597 4457 665 4521 sive,
690 4463 720 4505 ut
754 4465 794 4507 est
814 4460 881 4511 xiv.
913 4458 961 4526 48,
985 4444 1022 4513 ssi
1044 4444 1138 4521 δεξιον
1159 4441 1311 4529 ὑφωρᾶτο.
1325 4460 1397 4530 ,veri

263 4556 365 4614 tmen,
380 4555 411 4599 ut
423 4550 581 4615 flt,'aliquid
596 4550 623 4598 in
636 4548 686 4599 hae
702 4553 846 4603 narratione
862 4554 944 4604 inesse
962 4560 990 4605 et
1004 4554 1139 4620 prudentis
1156 4550 1320 4616 sollertiaque
1337 4552 1398 4601 Pto·

261 4638 392 4687 lensseum
408 4637 573 4701 cacellinus,
592 4637 646 4701 ipss
671 4636 728 4699 ejus
745 4638 798 4687 sita
814 4638 950 4693 luculente
974 4640 1073 4703 serus,
1091 4642 1120 4691 et
1137 4636 1319 4703 confirmat,si
1334 4652 1398 4703 opus

261 4729 319 4790 est,
336 4723 485 4772 Theocritus
503 4723 581 4788 idytt.
600 4722 679 4771 xvtt.
699 4720 732 4770 13
749 4738 806 4787 sqq.
