<?xml version="1.0" encoding="UTF-8"?>
<!DOCTYPE html PUBLIC "-//W3C//DTD XHTML 1.0 Transitional//EN"
    "http://www.w3.org/TR/xhtml1/DTD/xhtml1-transitional.dtd">
<html xmlns="http://www.w3.org/1999/xhtml" xml:lang="en" lang="en">
 <head>
  <title>
</title>
<meta http-equiv="Content-Type" content="text/html;charset=utf-8" />
  <meta name='ocr-system' content='tesseract 3.04.00' />
  <meta name='ocr-capabilities' content='ocr_page ocr_carea ocr_par ocr_line ocrx_word'/>
</head>
<body>
  <div class='ocr_page' id='page_1' title='image "./ptolemaeieordae00chargoog/ptolemaeieordae00chargoog_0048.png"; bbox 0 0 3617 5892; ppageno 0'>
   <div class='ocr_carea' id='block_1_1' title="bbox 409 824 1640 3327">
    <p class='ocr_par' dir='ltr' id='par_1_1' title="bbox 409 824 1640 3327">
     <span class='ocr_line' id='line_1_1' title="bbox 462 824 1548 919; baseline -0.01 -20"><span class='ocrx_word' id='word_1_1' title='bbox 462 836 536 919; x_wconf 89' lang='lat' dir='ltr'><strong>Quo</strong></span> <span class='ocrx_word' id='word_1_2' title='bbox 553 830 728 899; x_wconf 76' lang='lat' dir='ltr'><strong>evidentius</strong></span> <span class='ocrx_word' id='word_1_3' title='bbox 748 837 870 915; x_wconf 85' lang='lat' dir='ltr'><strong>pateat,</strong></span> <span class='ocrx_word' id='word_1_4' title='bbox 883 829 1084 916; x_wconf 78' lang='lat' dir='ltr'><strong>quantumin</strong></span> <span class='ocrx_word' id='word_1_5' title='bbox 1102 824 1150 890; x_wconf 90' lang='lat' dir='ltr'><strong>his</strong></span> <span class='ocrx_word' id='word_1_6' title='bbox 1159 826 1310 891; x_wconf 77' lang='lat' dir='ltr'><strong>Arrianus</strong></span> <span class='ocrx_word' id='word_1_7' title='bbox 1322 825 1419 890; x_wconf 87' lang='lat' dir='ltr'><strong>tooito</strong></span> <span class='ocrx_word' id='word_1_8' title='bbox 1436 845 1453 888; x_wconf 89' lang='lat' dir='ltr'><strong>e</strong></span> <span class='ocrx_word' id='word_1_9' title='bbox 1471 824 1548 889; x_wconf 83' lang='lat' dir='ltr'><strong>Pto-</strong></span> 
     </span>
     <span class='ocr_line' id='line_1_2' title="bbox 418 931 1546 1025; baseline -0.009 -20"><span class='ocrx_word' id='word_1_10' title='bbox 418 940 540 1005; x_wconf 90' lang='lat' dir='ltr'><strong>lemaoo</strong></span> <span class='ocrx_word' id='word_1_11' title='bbox 556 935 744 1025; x_wconf 81' lang='lat' dir='ltr'><strong>profecerit,</strong></span> <span class='ocrx_word' id='word_1_12' title='bbox 761 933 796 999; x_wconf 89' lang='lat' dir='ltr'><strong>id</strong></span> <span class='ocrx_word' id='word_1_13' title='bbox 807 933 895 1021; x_wconf 89' lang='lat' dir='ltr'><strong>qnod</strong></span> <span class='ocrx_word' id='word_1_14' title='bbox 912 956 1006 1021; x_wconf 90' lang='lat' dir='ltr'><strong>snpra</strong></span> <span class='ocrx_word' id='word_1_15' title='bbox 1022 956 1055 1021; x_wconf 88' lang='lat' dir='ltr'><strong>p.</strong></span> <span class='ocrx_word' id='word_1_16' title='bbox 1070 934 1109 997; x_wconf 87' lang='lat'><strong>17</strong></span> <span class='ocrx_word' id='word_1_17' title='bbox 1123 953 1171 1019; x_wconf 90' lang='lat' dir='ltr'><strong>sq.</strong></span> <span class='ocrx_word' id='word_1_18' title='bbox 1185 954 1236 1002; x_wconf 90' lang='lat' dir='ltr'><strong>me</strong></span> <span class='ocrx_word' id='word_1_19' title='bbox 1252 952 1380 997; x_wconf 89' lang='lat' dir='ltr'><strong>monere</strong></span> <span class='ocrx_word' id='word_1_20' title='bbox 1398 931 1546 1009; x_wconf 85' lang='lat' dir='ltr'><strong>memini,</strong></span> 
     </span>
     <span class='ocr_line' id='line_1_3' title="bbox 418 1033 1547 1132; baseline -0.009 -21"><span class='ocrx_word' id='word_1_21' title='bbox 418 1044 679 1132; x_wconf 76' lang='lat' dir='ltr'><strong>operaepretium</strong></span> <span class='ocrx_word' id='word_1_22' title='bbox 700 1050 747 1105; x_wconf 88' lang='lat' dir='ltr'><strong>est</strong></span> <span class='ocrx_word' id='word_1_23' title='bbox 762 1040 849 1105; x_wconf 92' lang='lat' dir='ltr'><strong>illius</strong></span> <span class='ocrx_word' id='word_1_24' title='bbox 868 1040 1080 1105; x_wconf 78' lang='lat' dir='ltr'><strong>narrationem</strong></span> <span class='ocrx_word' id='word_1_25' title='bbox 1104 1036 1144 1127; x_wconf 85' lang='lat' dir='ltr'><strong>(l.</strong></span> <span class='ocrx_word' id='word_1_26' title='bbox 1167 1038 1198 1105; x_wconf 83' lang='lat'><strong>2.</strong></span> <span class='ocrx_word' id='word_1_27' title='bbox 1222 1039 1237 1102; x_wconf 83' lang='lat' dir='ltr'><strong>l</strong></span> <span class='ocrx_word' id='word_1_28' title='bbox 1261 1033 1347 1124; x_wconf 90' lang='lat' dir='ltr'><strong>sqq.)</strong></span> <span class='ocrx_word' id='word_1_29' title='bbox 1366 1058 1442 1103; x_wconf 89' lang='lat' dir='ltr'><strong>oum</strong></span> <span class='ocrx_word' id='word_1_30' title='bbox 1458 1038 1547 1101; x_wconf 87' lang='lat' dir='ltr'><strong>Stra·</strong></span> 
     </span>
     <span class='ocr_line' id='line_1_4' title="bbox 416 1131 1549 1233; baseline -0.011 -16"><span class='ocrx_word' id='word_1_31' title='bbox 416 1151 508 1217; x_wconf 87' lang='lat' dir='ltr'><strong>bonis</strong></span> <span class='ocrx_word' id='word_1_32' title='bbox 519 1150 590 1215; x_wconf 91' lang='lat' dir='ltr'><strong>looo</strong></span> <span class='ocrx_word' id='word_1_33' title='bbox 608 1149 766 1214; x_wconf 77' lang='lat' dir='ltr'><strong>conferre.</strong></span> <span class='ocrx_word' id='word_1_34' title='bbox 787 1134 900 1218; x_wconf 73' lang='grc' dir='ltr'><strong><em>Αὐτός</em></strong></span> <span class='ocrx_word' id='word_1_35' title='bbox 919 1136 1161 1233; x_wconf 82' lang='grc' dir='ltr'><strong><em>(Ἀλέξανδρος),</em></strong></span> <span class='ocrx_word' id='word_1_36' title='bbox 1180 1145 1224 1210; x_wconf 87' lang='lat' dir='ltr'><strong>ait</strong></span> <span class='ocrx_word' id='word_1_37' title='bbox 1234 1144 1405 1224; x_wconf 81' lang='lat' dir='ltr'><strong>Arrianus,</strong></span> <span class='ocrx_word' id='word_1_38' title='bbox 1426 1131 1549 1229; x_wconf 79' lang='grc' dir='ltr'><em>προῄει</em></span> 
     </span>
     <span class='ocr_line' id='line_1_5' title="bbox 416 1237 1549 1337; baseline -0.009 -16"><span class='ocrx_word' id='word_1_39' title='bbox 416 1247 473 1321; x_wconf 80' lang='grc' dir='ltr'><strong>διδ</strong></span> <span class='ocrx_word' id='word_1_40' title='bbox 490 1253 549 1319; x_wconf 77' lang='grc' dir='ltr'><strong>τοῦ</strong></span> <span class='ocrx_word' id='word_1_41' title='bbox 568 1252 680 1336; x_wconf 73' lang='grc' dir='ltr'><strong><em>Αἵμου</em></strong></span> <span class='ocrx_word' id='word_1_42' title='bbox 702 1246 736 1325; x_wconf 77' lang='grc' dir='ltr'><strong>ἐς</strong></span> <span class='ocrx_word' id='word_1_43' title='bbox 761 1240 976 1337; x_wconf 76' lang='grc' dir='ltr'><strong><em>Τριβαλλοός,</em></strong></span> <span class='ocrx_word' id='word_1_44' title='bbox 993 1246 1048 1314; x_wconf 79' lang='lat' dir='ltr'><strong>sol</strong></span> <span class='ocrx_word' id='word_1_45' title='bbox 1064 1239 1245 1337; x_wconf 73' lang='grc' dir='ltr'><strong><em>ἀφικνεῖται</em></strong></span> <span class='ocrx_word' id='word_1_46' title='bbox 1266 1245 1322 1313; x_wconf 73' lang='grc' dir='ltr'><strong><em>ἐπὶ</em></strong></span> <span class='ocrx_word' id='word_1_47' title='bbox 1339 1239 1395 1315; x_wconf 78' lang='grc' dir='ltr'><strong><em>τόν</em></strong></span> <span class='ocrx_word' id='word_1_48' title='bbox 1408 1237 1549 1333; x_wconf 83' lang='grc' dir='ltr'><strong><em>Λόγινον</em></strong></span> 
     </span>
     <span class='ocr_line' id='line_1_6' title="bbox 415 1340 1549 1441; baseline -0.011 -15"><span class='ocrx_word' id='word_1_49' title='bbox 415 1347 584 1440; x_wconf 85' lang='grc' dir='ltr'><strong><em>ποταμόν·</em></strong></span> <span class='ocrx_word' id='word_1_50' title='bbox 600 1347 716 1438; x_wconf 86' lang='grc' dir='ltr'><strong><em>α’πέχει</em></strong></span> <span class='ocrx_word' id='word_1_51' title='bbox 737 1351 775 1420; x_wconf 82' lang='grc' dir='ltr'><strong>δέ</strong></span> <span class='ocrx_word' id='word_1_52' title='bbox 796 1342 892 1429; x_wconf 86' lang='grc' dir='ltr'><strong><em>οὗτος</em></strong></span> <span class='ocrx_word' id='word_1_53' title='bbox 912 1344 981 1419; x_wconf 79' lang='grc' dir='ltr'><strong><em>όπδ</em></strong></span> <span class='ocrx_word' id='word_1_54' title='bbox 1001 1354 1061 1419; x_wconf 82' lang='grc' dir='ltr'><strong>τοῦ</strong></span> <span class='ocrx_word' id='word_1_55' title='bbox 1076 1344 1202 1441; x_wconf 69' lang='grc' dir='ltr'><strong><em>Ἴστρου</em></strong></span> <span class='ocrx_word' id='word_1_56' title='bbox 1222 1343 1269 1427; x_wconf 78' lang='grc' dir='ltr'><strong>τός</strong></span> <span class='ocrx_word' id='word_1_57' title='bbox 1290 1350 1347 1417; x_wconf 79' lang='grc' dir='ltr'><strong><em>ἐπὶ</em></strong></span> <span class='ocrx_word' id='word_1_58' title='bbox 1366 1343 1421 1417; x_wconf 84' lang='grc' dir='ltr'><strong><em>τόν</em></strong></span> <span class='ocrx_word' id='word_1_59' title='bbox 1441 1340 1549 1432; x_wconf 86' lang='grc' dir='ltr'><strong><em>Αἶμον</em></strong></span> 
     </span>
     <span class='ocr_line' id='line_1_7' title="bbox 414 1445 1547 1547; baseline -0.011 -18"><span class='ocrx_word' id='word_1_60' title='bbox 414 1451 496 1529; x_wconf 82' lang='grc' dir='ltr'><strong><em>ἰόντι</em></strong></span> <span class='ocrx_word' id='word_1_61' title='bbox 514 1450 684 1542; x_wconf 69' lang='grc' dir='ltr'><strong><em>σταδμοδς</em></strong></span> <span class='ocrx_word' id='word_1_62' title='bbox 704 1460 803 1547; x_wconf 82' lang='grc' dir='ltr'><strong><em>τρεῖς.</em></strong></span> <span class='ocrx_word' id='word_1_63' title='bbox 825 1447 956 1545; x_wconf 78' lang='grc' dir='ltr'><em>Σύρμος</em></span> <span class='ocrx_word' id='word_1_64' title='bbox 977 1456 1029 1537; x_wconf 85' lang='grc' dir='ltr'><strong>δὲ,</strong></span> <span class='ocrx_word' id='word_1_65' title='bbox 1052 1448 1071 1522; x_wconf 84' lang='grc' dir='ltr'>ὁ</span> <span class='ocrx_word' id='word_1_66' title='bbox 1093 1456 1157 1522; x_wconf 75' lang='grc' dir='ltr'><strong><em>ταῖν</em></strong></span> <span class='ocrx_word' id='word_1_67' title='bbox 1177 1453 1365 1545; x_wconf 73' lang='grc' dir='ltr'><strong><em>Τριβαλλῶν</em></strong></span> <span class='ocrx_word' id='word_1_68' title='bbox 1377 1445 1547 1537; x_wconf 74' lang='grc' dir='ltr'><strong><em>βασιλεῦς,</em></strong></span> 
     </span>
     <span class='ocr_line' id='line_1_8' title="bbox 414 1548 1549 1649; baseline -0.004 -16"><span class='ocrx_word' id='word_1_69' title='bbox 414 1563 450 1633; x_wconf 74' lang='grc' dir='ltr'><strong>ἔκ</strong></span> <span class='ocrx_word' id='word_1_70' title='bbox 466 1562 594 1631; x_wconf 82' lang='grc' dir='ltr'><strong><em>πολλοῦ</em></strong></span> <span class='ocrx_word' id='word_1_71' title='bbox 609 1551 854 1646; x_wconf 72' lang='grc' dir='ltr'><strong><em>πυνθανόμενος</em></strong></span> <span class='ocrx_word' id='word_1_72' title='bbox 866 1559 928 1627; x_wconf 83' lang='grc' dir='ltr'><strong>τοῦ</strong></span> <span class='ocrx_word' id='word_1_73' title='bbox 948 1548 1159 1649; x_wconf 79' lang='grc' dir='ltr'><strong><em>Ἀλεξάνδρου</em></strong></span> <span class='ocrx_word' id='word_1_74' title='bbox 1180 1553 1236 1627; x_wconf 84' lang='grc' dir='ltr'><strong><em>τόν</em></strong></span> <span class='ocrx_word' id='word_1_75' title='bbox 1257 1548 1386 1639; x_wconf 89' lang='grc' dir='ltr'><strong><em>στόλον,</em></strong></span> <span class='ocrx_word' id='word_1_76' title='bbox 1400 1558 1549 1644; x_wconf 72' lang='grc' dir='ltr'><strong><em>γυναῖκας</em></strong></span> 
     </span>
     <span class='ocr_line' id='line_1_9' title="bbox 413 1650 1546 1753; baseline -0.007 -22"><span class='ocrx_word' id='word_1_77' title='bbox 413 1665 473 1750; x_wconf 77' lang='grc' dir='ltr'><strong><em>μέν</em></strong></span> <span class='ocrx_word' id='word_1_78' title='bbox 493 1664 548 1731; x_wconf 81' lang='grc' dir='ltr'><strong>καὶ</strong></span> <span class='ocrx_word' id='word_1_79' title='bbox 567 1664 690 1739; x_wconf 84' lang='grc' dir='ltr'><strong><em>παῖδας</em></strong></span> <span class='ocrx_word' id='word_1_80' title='bbox 710 1663 775 1729; x_wconf 77' lang='grc' dir='ltr'><strong><em>τῶν</em></strong></span> <span class='ocrx_word' id='word_1_81' title='bbox 802 1661 992 1753; x_wconf 65' lang='grc' dir='ltr'><strong><em>Τριβαλλῶν</em></strong></span> <span class='ocrx_word' id='word_1_82' title='bbox 1015 1651 1236 1751; x_wconf 69' lang='grc' dir='ltr'><strong><em>προέπεμψεν</em></strong></span> <span class='ocrx_word' id='word_1_83' title='bbox 1259 1658 1316 1726; x_wconf 79' lang='grc' dir='ltr'><strong><em>ε’πλ</em></strong></span> <span class='ocrx_word' id='word_1_84' title='bbox 1336 1652 1393 1727; x_wconf 85' lang='grc' dir='ltr'><strong><em>τόν</em></strong></span> <span class='ocrx_word' id='word_1_85' title='bbox 1410 1650 1546 1747; x_wconf 64' lang='grc' dir='ltr'><strong><em>Ἴστρον,</em></strong></span> 
     </span>
     <span class='ocr_line' id='line_1_10' title="bbox 414 1752 1546 1852; baseline -0.008 -16"><span class='ocrx_word' id='word_1_86' title='bbox 414 1765 590 1852; x_wconf 72' lang='grc' dir='ltr'><strong><em>διαβαίνειν</em></strong></span> <span class='ocrx_word' id='word_1_87' title='bbox 603 1757 758 1842; x_wconf 75' lang='grc' dir='ltr'><strong><em>κελεύσας</em></strong></span> <span class='ocrx_word' id='word_1_88' title='bbox 767 1758 824 1835; x_wconf 85' lang='grc' dir='ltr'><strong><em>τόν</em></strong></span> <span class='ocrx_word' id='word_1_89' title='bbox 837 1757 985 1850; x_wconf 83' lang='grc' dir='ltr'><strong><em>ποταμόν</em></strong></span> <span class='ocrx_word' id='word_1_90' title='bbox 996 1762 1029 1840; x_wconf 81' lang='grc' dir='ltr'><strong>ἐς</strong></span> <span class='ocrx_word' id='word_1_91' title='bbox 1042 1754 1139 1852; x_wconf 78' lang='grc' dir='ltr'><strong><em>νῆσόν</em></strong></span> <span class='ocrx_word' id='word_1_92' title='bbox 1151 1784 1222 1831; x_wconf 89' lang='grc' dir='ltr'><strong><em>τινα</em></strong></span> <span class='ocrx_word' id='word_1_93' title='bbox 1235 1762 1300 1829; x_wconf 79' lang='grc' dir='ltr'><strong><em>τῶν</em></strong></span> <span class='ocrx_word' id='word_1_94' title='bbox 1315 1760 1407 1847; x_wconf 77' lang='grc' dir='ltr'><strong><em>ἐντῷ</em></strong></span> <span class='ocrx_word' id='word_1_95' title='bbox 1417 1752 1546 1849; x_wconf 59' lang='grc' dir='ltr'><strong><em>Ἴστρῳ·</em></strong></span> 
     </span>
     <span class='ocr_line' id='line_1_11' title="bbox 414 1856 1548 1961; baseline -0.005 -24"><span class='ocrx_word' id='word_1_96' title='bbox 414 1859 525 1959; x_wconf 63' lang='lat' dir='ltr'><strong>Hesion</strong></span> <span class='ocrx_word' id='word_1_97' title='bbox 544 1860 648 1953; x_wconf 78' lang='grc' dir='ltr'><strong><em>ὄνομα</em></strong></span> <span class='ocrx_word' id='word_1_98' title='bbox 667 1870 710 1958; x_wconf 81' lang='grc' dir='ltr'><strong>τῇ</strong></span> <span class='ocrx_word' id='word_1_99' title='bbox 730 1864 814 1961; x_wconf 81' lang='grc' dir='ltr'><strong><em>νήσῳ</em></strong></span> <span class='ocrx_word' id='word_1_100' title='bbox 843 1866 940 1936; x_wconf 76' lang='grc' dir='ltr'><strong><em>ἐστίν.</em></strong></span> <span class='ocrx_word' id='word_1_101' title='bbox 972 1857 1019 1943; x_wconf 73' lang='grc' dir='ltr'><strong>Ἐς</strong></span> <span class='ocrx_word' id='word_1_102' title='bbox 1040 1856 1158 1955; x_wconf 65' lang='grc' dir='ltr'><strong><em>ταύτην</em></strong></span> <span class='ocrx_word' id='word_1_103' title='bbox 1183 1864 1221 1932; x_wconf 80' lang='grc' dir='ltr'><strong>δὲ</strong></span> <span class='ocrx_word' id='word_1_104' title='bbox 1244 1859 1300 1955; x_wconf 78' lang='grc' dir='ltr'><strong><em>τήν</em></strong></span> <span class='ocrx_word' id='word_1_105' title='bbox 1324 1865 1419 1956; x_wconf 83' lang='grc' dir='ltr'><strong><em>νῆσον</em></strong></span> <span class='ocrx_word' id='word_1_106' title='bbox 1438 1863 1493 1930; x_wconf 84' lang='grc' dir='ltr'><strong>καὶ</strong></span> <span class='ocrx_word' id='word_1_107' title='bbox 1515 1860 1548 1931; x_wconf 78' lang='grc' dir='ltr'><strong>οἱ</strong></span> 
     </span>
     <span class='ocr_line' id='line_1_12' title="bbox 416 1957 1637 2061; baseline -0.007 -21"><span class='ocrx_word' id='word_1_108' title='bbox 416 1971 543 2061; x_wconf 75' lang='grc' dir='ltr'><strong><em>Θρᾷκες</em></strong></span> <span class='ocrx_word' id='word_1_109' title='bbox 569 1971 601 2039; x_wconf 83' lang='lat' dir='ltr'><strong>oi</strong></span> <span class='ocrx_word' id='word_1_110' title='bbox 619 1963 812 2061; x_wconf 83' lang='grc' dir='ltr'><strong><em>πρόσχωροι</em></strong></span> <span class='ocrx_word' id='word_1_111' title='bbox 832 1975 904 2049; x_wconf 82' lang='grc' dir='ltr'><strong><em>τοῖς</em></strong></span> <span class='ocrx_word' id='word_1_112' title='bbox 931 1969 1137 2060; x_wconf 75' lang='grc' dir='ltr'><strong><em>Τριβαλλοῖς,</em></strong></span> <span class='ocrx_word' id='word_1_113' title='bbox 1162 1959 1383 2058; x_wconf 76' lang='grc' dir='ltr'><strong><em>προσάγοντος</em></strong></span> <span class='ocrx_word' id='word_1_114' title='bbox 1402 1957 1547 2047; x_wconf 82' lang='grc' dir='ltr'><strong><em>Ἀλεξόν-</em></strong></span> <span class='ocrx_word' id='word_1_115' title='bbox 1636 1988 1637 2004; x_wconf 60' lang='grc'>’</span> 
     </span>
     <span class='ocr_line' id='line_1_13' title="bbox 415 2062 1547 2165; baseline -0.005 -24"><span class='ocrx_word' id='word_1_116' title='bbox 415 2073 513 2164; x_wconf 90' lang='grc' dir='ltr'><strong><em>δρου,</em></strong></span> <span class='ocrx_word' id='word_1_117' title='bbox 541 2066 811 2165; x_wconf 78' lang='grc' dir='ltr'><strong><em>συμπεφευγότες</em></strong></span> <span class='ocrx_word' id='word_1_118' title='bbox 832 2063 923 2164; x_wconf 82' lang='grc' dir='ltr'><strong><em>ἦσαν.</em></strong></span> <span class='ocrx_word' id='word_1_119' title='bbox 961 2072 1029 2141; x_wconf 82' lang='grc' dir='ltr'><strong>Καὶ</strong></span> <span class='ocrx_word' id='word_1_120' title='bbox 1047 2063 1186 2147; x_wconf 72' lang='grc' dir='ltr'><strong><em>αὐτόςὸ</em></strong></span> <span class='ocrx_word' id='word_1_121' title='bbox 1212 2063 1340 2161; x_wconf 79' lang='grc' dir='ltr'><strong><em>Σύρμος</em></strong></span> <span class='ocrx_word' id='word_1_122' title='bbox 1371 2069 1405 2146; x_wconf 81' lang='grc' dir='ltr'><strong>ἐς</strong></span> <span class='ocrx_word' id='word_1_123' title='bbox 1430 2062 1547 2158; x_wconf 65' lang='grc' dir='ltr'><strong><em>ταύτην</em></strong></span> 
     </span>
     <span class='ocr_line' id='line_1_14' title="bbox 413 2167 1545 2267; baseline -0.005 -23"><span class='ocrx_word' id='word_1_124' title='bbox 413 2168 639 2267; x_wconf 76' lang='grc' dir='ltr'><strong><em>ξυμπεφεύγει</em></strong></span> <span class='ocrx_word' id='word_1_125' title='bbox 660 2172 717 2258; x_wconf 66' lang='lat' dir='ltr'><strong>§ris</strong></span> <span class='ocrx_word' id='word_1_126' title='bbox 737 2181 806 2253; x_wconf 83' lang='grc' dir='ltr'><strong><em>τοῖς</em></strong></span> <span class='ocrx_word' id='word_1_127' title='bbox 827 2168 913 2266; x_wconf 75' lang='grc' dir='ltr'><strong>ἄμφ’</strong></span> <span class='ocrx_word' id='word_1_128' title='bbox 933 2167 1038 2243; x_wconf 79' lang='grc' dir='ltr'><strong><em>αὐτόν.</em></strong></span> <span class='ocrx_word' id='word_1_129' title='bbox 1070 2178 1185 2257; x_wconf 84' lang='lat' dir='ltr'><strong>Vides,</strong></span> <span class='ocrx_word' id='word_1_130' title='bbox 1207 2200 1303 2266; x_wconf 88' lang='lat' dir='ltr'><strong>qnam</strong></span> <span class='ocrx_word' id='word_1_131' title='bbox 1325 2178 1456 2265; x_wconf 82' lang='lat' dir='ltr'><strong>egregie</strong></span> <span class='ocrx_word' id='word_1_132' title='bbox 1479 2179 1545 2240; x_wconf 88' lang='lat' dir='ltr'><strong>sin-</strong></span> 
     </span>
     <span class='ocr_line' id='line_1_15' title="bbox 417 2283 1545 2372; baseline -0.002 -25"><span class='ocrx_word' id='word_1_133' title='bbox 417 2285 494 2372; x_wconf 80' lang='lat' dir='ltr'><strong>gula</strong></span> <span class='ocrx_word' id='word_1_134' title='bbox 519 2285 734 2352; x_wconf 76' lang='lat' dir='ltr'><strong>Strabonianis</strong></span> <span class='ocrx_word' id='word_1_135' title='bbox 765 2287 951 2366; x_wconf 81' lang='lat' dir='ltr'><strong>concinant3</strong></span> <span class='ocrx_word' id='word_1_136' title='bbox 989 2283 1044 2348; x_wconf 91' lang='lat' dir='ltr'><strong>sed</strong></span> <span class='ocrx_word' id='word_1_137' title='bbox 1072 2284 1224 2349; x_wconf 79' lang='lat' dir='ltr'><strong>Arrianus</strong></span> <span class='ocrx_word' id='word_1_138' title='bbox 1255 2286 1429 2350; x_wconf 84' lang='lat' dir='ltr'><strong>Ptolemaei</strong></span> <span class='ocrx_word' id='word_1_139' title='bbox 1458 2283 1545 2346; x_wconf 79' lang='lat' dir='ltr'><strong>velut</strong></span> 
     </span>
     <span class='ocr_line' id='line_1_16' title="bbox 416 2390 1546 2478; baseline -0.003 -24"><span class='ocrx_word' id='word_1_140' title='bbox 416 2390 555 2477; x_wconf 85' lang='lat' dir='ltr'><strong>vestigiis</strong></span> <span class='ocrx_word' id='word_1_141' title='bbox 576 2392 710 2472; x_wconf 75' lang='lat' dir='ltr'><strong>insistit,</strong></span> <span class='ocrx_word' id='word_1_142' title='bbox 733 2392 847 2456; x_wconf 87' lang='lat' dir='ltr'><strong>Strabo</strong></span> <span class='ocrx_word' id='word_1_143' title='bbox 868 2391 1080 2477; x_wconf 84' lang='lat' dir='ltr'><strong>elonginqno</strong></span> <span class='ocrx_word' id='word_1_144' title='bbox 1101 2412 1174 2455; x_wconf 93' lang='lat' dir='ltr'><strong>eum</strong></span> <span class='ocrx_word' id='word_1_145' title='bbox 1192 2394 1349 2478; x_wconf 91' lang='lat' dir='ltr'><strong>sequitur.</strong></span> <span class='ocrx_word' id='word_1_146' title='bbox 1380 2392 1491 2477; x_wconf 87' lang='lat' dir='ltr'><strong>Neque</strong></span> <span class='ocrx_word' id='word_1_147' title='bbox 1511 2391 1546 2451; x_wconf 92' lang='lat' dir='ltr'><strong>in</strong></span> 
     </span>
     <span class='ocr_line' id='line_1_17' title="bbox 420 2483 1640 2596; baseline -0.004 -35"><span class='ocrx_word' id='word_1_148' title='bbox 420 2496 533 2561; x_wconf 79' lang='lat' dir='ltr'><strong>ceteris</strong></span> <span class='ocrx_word' id='word_1_149' title='bbox 549 2494 711 2564; x_wconf 79' lang='lat' dir='ltr'><strong>differunt.</strong></span> <span class='ocrx_word' id='word_1_150' title='bbox 735 2498 825 2581; x_wconf 84' lang='lat' dir='ltr'><strong>Quae</strong></span> <span class='ocrx_word' id='word_1_151' title='bbox 845 2498 929 2561; x_wconf 90' lang='lat' dir='ltr'><strong>enim</strong></span> <span class='ocrx_word' id='word_1_152' title='bbox 948 2496 988 2561; x_wconf 89' lang='lat' dir='ltr'><strong>de</strong></span> <span class='ocrx_word' id='word_1_153' title='bbox 1004 2495 1165 2583; x_wconf 88' lang='lat' dir='ltr'><strong>prohibita</strong></span> <span class='ocrx_word' id='word_1_154' title='bbox 1180 2499 1212 2560; x_wconf 94' lang='lat' dir='ltr'><strong>in</strong></span> <span class='ocrx_word' id='word_1_155' title='bbox 1229 2497 1366 2596; x_wconf 80' lang='lat' dir='ltr'><strong>insulam</strong></span> <span class='ocrx_word' id='word_1_156' title='bbox 1383 2483 1547 2576; x_wconf 81' lang='grc' dir='ltr'><strong><em>όπσβόσει</em></strong></span> <span class='ocrx_word' id='word_1_157' title='bbox 1639 2496 1640 2523; x_wconf 65' lang='lat'>¹</span> 
     </span>
     <span class='ocr_line' id='line_1_18' title="bbox 417 2600 1546 2691; baseline 0 -24"><span class='ocrx_word' id='word_1_158' title='bbox 417 2600 472 2667; x_wconf 86' lang='lat' dir='ltr'><strong>lrio</strong></span> <span class='ocrx_word' id='word_1_159' title='bbox 490 2602 630 2677; x_wconf 85' lang='lat' dir='ltr'><strong>strictim</strong></span> <span class='ocrx_word' id='word_1_160' title='bbox 639 2604 783 2691; x_wconf 83' lang='lat' dir='ltr'><strong>attingit,</strong></span> <span class='ocrx_word' id='word_1_161' title='bbox 806 2603 912 2691; x_wconf 90' lang='lat' dir='ltr'><strong>deque</strong></span> <span class='ocrx_word' id='word_1_162' title='bbox 930 2604 1083 2669; x_wconf 84' lang='lat' dir='ltr'><strong>Getarum</strong></span> <span class='ocrx_word' id='word_1_163' title='bbox 1102 2603 1220 2689; x_wconf 91' lang='lat' dir='ltr'><strong>oppido</strong></span> <span class='ocrx_word' id='word_1_164' title='bbox 1243 2615 1337 2689; x_wconf 89' lang='lat' dir='ltr'><strong>capto</strong></span> <span class='ocrx_word' id='word_1_165' title='bbox 1355 2615 1385 2667; x_wconf 90' lang='lat' dir='ltr'><strong>et</strong></span> <span class='ocrx_word' id='word_1_166' title='bbox 1401 2606 1546 2687; x_wconf 87' lang='lat' dir='ltr'><strong>acceptis</strong></span> 
     </span>
     <span class='ocr_line' id='line_1_19' title="bbox 412 2707 1639 2800; baseline 0.001 -28"><span class='ocrx_word' id='word_1_167' title='bbox 412 2707 521 2789; x_wconf 89' lang='lat' dir='ltr'><strong>donis,</strong></span> <span class='ocrx_word' id='word_1_168' title='bbox 540 2709 686 2775; x_wconf 86' lang='lat' dir='ltr'><strong>similiter</strong></span> <span class='ocrx_word' id='word_1_169' title='bbox 699 2711 774 2789; x_wconf 89' lang='lat' dir='ltr'><strong>ille,</strong></span> <span class='ocrx_word' id='word_1_170' title='bbox 793 2709 953 2794; x_wconf 85' lang='lat' dir='ltr'><strong>descripta</strong></span> <span class='ocrx_word' id='word_1_171' title='bbox 970 2709 1010 2800; x_wconf 72' lang='lat' dir='ltr'><strong>asi</strong></span> <span class='ocrx_word' id='word_1_172' title='bbox 1029 2709 1185 2795; x_wconf 82' lang='lat' dir='ltr'><strong>Lyginum</strong></span> <span class='ocrx_word' id='word_1_173' title='bbox 1197 2732 1306 2797; x_wconf 85' lang='lat' dir='ltr'><strong>pugna</strong></span> <span class='ocrx_word' id='word_1_174' title='bbox 1323 2707 1545 2800; x_wconf 84' lang='lat' dir='ltr'><strong>(Fragm.H.)‚</strong></span> <span class='ocrx_word' id='word_1_175' title='bbox 1638 2738 1639 2757; x_wconf 52' lang='grc' dir='ltr'><strong><em>ι</em></strong></span> 
     </span>
     <span class='ocr_line' id='line_1_20' title="bbox 413 2813 1548 2903; baseline 0 -24"><span class='ocrx_word' id='word_1_176' title='bbox 413 2813 469 2879; x_wconf 86' lang='lat' dir='ltr'><strong>sed</strong></span> <span class='ocrx_word' id='word_1_177' title='bbox 488 2815 635 2900; x_wconf 91' lang='lat' dir='ltr'><strong>pluribus</strong></span> <span class='ocrx_word' id='word_1_178' title='bbox 646 2815 786 2879; x_wconf 88' lang='lat' dir='ltr'><strong>illustrat</strong></span> <span class='ocrx_word' id='word_1_179' title='bbox 806 2820 878 2881; x_wconf 81' lang='lat'><strong>3.3</strong></span> <span class='ocrx_word' id='word_1_180' title='bbox 900 2828 979 2901; x_wconf 66' lang='lat' dir='ltr'><strong>sqq:</strong></span> <span class='ocrx_word' id='word_1_181' title='bbox 996 2815 1164 2879; x_wconf 82' lang='lat' dir='ltr'><strong>Amicitiae</strong></span> <span class='ocrx_word' id='word_1_182' title='bbox 1185 2815 1325 2903; x_wconf 92' lang='lat' dir='ltr'><strong>deniquo</strong></span> <span class='ocrx_word' id='word_1_183' title='bbox 1344 2814 1454 2880; x_wconf 85' lang='lat' dir='ltr'><strong>foedus</strong></span> <span class='ocrx_word' id='word_1_184' title='bbox 1469 2838 1548 2880; x_wconf 91' lang='lat' dir='ltr'><strong>oum</strong></span> 
     </span>
     <span class='ocr_line' id='line_1_21' title="bbox 412 2908 1548 3009; baseline -0.002 -23"><span class='ocrx_word' id='word_1_185' title='bbox 412 2919 509 2986; x_wconf 83' lang='lat' dir='ltr'><strong>Celtis</strong></span> <span class='ocrx_word' id='word_1_186' title='bbox 526 2920 641 2984; x_wconf 91' lang='lat' dir='ltr'><strong>initum</strong></span> <span class='ocrx_word' id='word_1_187' title='bbox 664 2932 696 2983; x_wconf 90' lang='lat' dir='ltr'><strong>et</strong></span> <span class='ocrx_word' id='word_1_188' title='bbox 716 2940 902 3004; x_wconf 90' lang='lat' dir='ltr'><strong>responsum</strong></span> <span class='ocrx_word' id='word_1_189' title='bbox 924 2920 1120 3006; x_wconf 85' lang='lat' dir='ltr'><strong>legatorum,</strong></span> <span class='ocrx_word' id='word_1_190' title='bbox 1141 2908 1279 2985; x_wconf 80' lang='grc' dir='ltr'><strong><em>δεδιέναι</em></strong></span> <span class='ocrx_word' id='word_1_191' title='bbox 1300 2910 1428 3009; x_wconf 76' lang='grc' dir='ltr'><strong><em>μήποτε</em></strong></span> <span class='ocrx_word' id='word_1_192' title='bbox 1450 2910 1470 2985; x_wconf 82' lang='grc' dir='ltr'>ὁ</span> <span class='ocrx_word' id='word_1_193' title='bbox 1492 2916 1548 2984; x_wconf 82' lang='grc' dir='ltr'><strong>οὐ-</strong></span> 
     </span>
     <span class='ocr_line' id='line_1_22' title="bbox 412 3012 1545 3111; baseline 0.002 -25"><span class='ocrx_word' id='word_1_194' title='bbox 412 3012 633 3108; x_wconf 68' lang='lat' dir='ltr'><strong>perorationis</strong></span> <span class='ocrx_word' id='word_1_195' title='bbox 645 3019 796 3104; x_wconf 75' lang='grc' dir='ltr'><strong><em>ἐμπέσοι,</em></strong></span> <span class='ocrx_word' id='word_1_196' title='bbox 814 3025 859 3090; x_wconf 83' lang='lat' dir='ltr'><strong>ita</strong></span> <span class='ocrx_word' id='word_1_197' title='bbox 874 3047 926 3111; x_wconf 86' lang='lat' dir='ltr'><strong>ap.</strong></span> <span class='ocrx_word' id='word_1_198' title='bbox 945 3028 1071 3093; x_wconf 80' lang='lat' dir='ltr'><strong>Arrian.</strong></span> <span class='ocrx_word' id='word_1_199' title='bbox 1091 3030 1122 3093; x_wconf 80' lang='lat'><strong>4.</strong></span> <span class='ocrx_word' id='word_1_200' title='bbox 1136 3026 1197 3095; x_wconf 86' lang='grc'><strong>6-8</strong></span> <span class='ocrx_word' id='word_1_201' title='bbox 1213 3036 1423 3089; x_wconf 87' lang='lat' dir='ltr'><strong>memoratum</strong></span> <span class='ocrx_word' id='word_1_202' title='bbox 1439 3025 1545 3111; x_wconf 84' lang='lat' dir='ltr'><strong>legas,</strong></span> 
     </span>
     <span class='ocr_line' id='line_1_23' title="bbox 411 3130 1547 3218; baseline 0.003 -26"><span class='ocrx_word' id='word_1_203' title='bbox 411 3137 450 3192; x_wconf 83' lang='lat' dir='ltr'><strong>nt</strong></span> <span class='ocrx_word' id='word_1_204' title='bbox 468 3130 621 3195; x_wconf 84' lang='lat' dir='ltr'><strong>continuo</strong></span> <span class='ocrx_word' id='word_1_205' title='bbox 646 3149 799 3218; x_wconf 83' lang='lat' dir='ltr'><strong>agnoscas</strong></span> <span class='ocrx_word' id='word_1_206' title='bbox 828 3130 950 3197; x_wconf 81' lang='lat' dir='ltr'><strong>iontem</strong></span> <span class='ocrx_word' id='word_1_207' title='bbox 973 3133 1202 3201; x_wconf 86' lang='lat' dir='ltr'><strong>Ptolemaeum.</strong></span> <span class='ocrx_word' id='word_1_208' title='bbox 1236 3133 1387 3198; x_wconf 85' lang='lat' dir='ltr'><strong>Ceterum</strong></span> <span class='ocrx_word' id='word_1_209' title='bbox 1412 3131 1453 3197; x_wconf 91' lang='lat' dir='ltr'><strong>do</strong></span> <span class='ocrx_word' id='word_1_210' title='bbox 1480 3142 1547 3197; x_wconf 88' lang='lat' dir='ltr'><strong>tota</strong></span> 
     </span>
     <span class='ocr_line' id='line_1_24' title="bbox 409 3232 1544 3327; baseline 0.008 -30"><span class='ocrx_word' id='word_1_211' title='bbox 409 3232 468 3299; x_wconf 87' lang='lat' dir='ltr'><strong>illa</strong></span> <span class='ocrx_word' id='word_1_212' title='bbox 486 3234 656 3302; x_wconf 81' lang='lat' dir='ltr'><strong>Alexandri</strong></span> <span class='ocrx_word' id='word_1_213' title='bbox 683 3236 885 3322; x_wconf 85' lang='lat' dir='ltr'><strong>expeditione</strong></span> <span class='ocrx_word' id='word_1_214' title='bbox 905 3258 990 3306; x_wconf 90' lang='lat' dir='ltr'><strong>oons.</strong></span> <span class='ocrx_word' id='word_1_215' title='bbox 1013 3238 1212 3327; x_wconf 79' lang='lat' dir='ltr'><strong>Droysenus,</strong></span> <span class='ocrx_word' id='word_1_216' title='bbox 1243 3236 1356 3305; x_wconf 78' lang='lat' dir='ltr'><strong>Gesols.</strong></span> <span class='ocrx_word' id='word_1_217' title='bbox 1385 3236 1483 3304; x_wconf 73' lang='lat' dir='ltr'><strong>Aloe.</strong></span> <span class='ocrx_word' id='word_1_218' title='bbox 1507 3260 1544 3325; x_wconf 88' lang='lat' dir='ltr'><strong>p.</strong></span> 
     </span>
    </p>
   </div>
   <div class='ocr_carea' id='block_1_2' title="bbox 410 3341 1000 3587">
    <p class='ocr_par' dir='ltr' id='par_1_2' title="bbox 410 3341 1000 3587">
     <span class='ocr_line' id='line_1_25' title="bbox 410 3341 583 3458; baseline 0 -49"><span class='ocrx_word' id='word_1_219' title='bbox 410 3341 560 3458; x_wconf 53' lang='grc' dir='ltr'><strong>δλὲέλλΙ</strong></span> <span class='ocrx_word' id='word_1_220' title='bbox 578 3364 583 3374; x_wconf 77' lang='grc'><strong>’</strong></span> 
     </span>
     <span class='ocr_line' id='line_1_26' title="bbox 557 3470 1000 3587; baseline 0.002 -1"><span class='ocrx_word' id='word_1_221' title='bbox 557 3470 562 3479; x_wconf 52' lang='grc'><strong><em>’</em></strong></span> <span class='ocrx_word' id='word_1_222' title='bbox 884 3547 889 3554; x_wconf 84' lang='lat'><em>-</em></span> <span class='ocrx_word' id='word_1_223' title='bbox 957 3521 1000 3587; x_wconf 90' lang='lat'><strong>11.</strong></span> 
     </span>
    </p>
   </div>
   <div class='ocr_carea' id='block_1_3' title="bbox 181 3666 1549 4296">
    <p class='ocr_par' dir='ltr' id='par_1_3' title="bbox 181 3666 1549 4296">
     <span class='ocr_line' id='line_1_27' title="bbox 453 3666 1547 3764; baseline 0.005 -26"><span class='ocrx_word' id='word_1_224' title='bbox 453 3672 581 3742; x_wconf 78' lang='lat' dir='ltr'><strong>Arrian.</strong></span> <span class='ocrx_word' id='word_1_225' title='bbox 615 3672 708 3764; x_wconf 68' lang='lat' dir='ltr'><strong>Eup.</strong></span> <span class='ocrx_word' id='word_1_226' title='bbox 733 3675 832 3744; x_wconf 72' lang='lat' dir='ltr'><strong>Aleos.</strong></span> <span class='ocrx_word' id='word_1_227' title='bbox 855 3678 882 3746; x_wconf 83' lang='grc' dir='ltr'><strong>Ι.</strong></span> <span class='ocrx_word' id='word_1_228' title='bbox 909 3678 942 3747; x_wconf 87' lang='lat'><strong>2.</strong></span> <span class='ocrx_word' id='word_1_229' title='bbox 966 3682 1001 3747; x_wconf 80' lang='lat'><strong>7.</strong></span> <span class='ocrx_word' id='word_1_230' title='bbox 1032 3666 1151 3743; x_wconf 75' lang='grc' dir='ltr'><strong><em>Αότυῖν</em></strong></span> <span class='ocrx_word' id='word_1_231' title='bbox 1175 3674 1239 3742; x_wconf 75' lang='grc' dir='ltr'><strong><em>τῶν</em></strong></span> <span class='ocrx_word' id='word_1_232' title='bbox 1264 3668 1465 3745; x_wconf 81' lang='grc' dir='ltr'><strong><em>Μακεδόνων</em></strong></span> <span class='ocrx_word' id='word_1_233' title='bbox 1490 3700 1547 3743; x_wconf 84' lang='grc' dir='ltr'><strong>τε-</strong></span> 
     </span>
     <span class='ocr_line' id='line_1_28' title="bbox 410 3768 1549 3868; baseline 0.007 -27"><span class='ocrx_word' id='word_1_234' title='bbox 410 3775 562 3866; x_wconf 74' lang='grc' dir='ltr'><strong><em>λευτῆσαι</em></strong></span> <span class='ocrx_word' id='word_1_235' title='bbox 587 3775 673 3865; x_wconf 87' lang='grc' dir='ltr'><strong><em>λέγει</em></strong></span> <span class='ocrx_word' id='word_1_236' title='bbox 688 3776 962 3867; x_wconf 86' lang='grc' dir='ltr'><strong><em>’Πτολεμαῖος</em></strong></span> <span class='ocrx_word' id='word_1_237' title='bbox 991 3780 1114 3859; x_wconf 80' lang='grc' dir='ltr'><strong><em>ἱππέας</em></strong></span> <span class='ocrx_word' id='word_1_238' title='bbox 1134 3780 1192 3868; x_wconf 78' lang='grc' dir='ltr'><strong><em>μέν</em></strong></span> <span class='ocrx_word' id='word_1_239' title='bbox 1213 3779 1341 3865; x_wconf 74' lang='grc' dir='ltr'><strong><em>ἕνδεκα,</em></strong></span> <span class='ocrx_word' id='word_1_240' title='bbox 1362 3768 1485 3863; x_wconf 63' lang='lat' dir='ltr'><strong>melori}</strong></span> <span class='ocrx_word' id='word_1_241' title='bbox 1507 3782 1549 3849; x_wconf 79' lang='grc' dir='ltr'><strong>δὲ</strong></span> 
     </span>
     <span class='ocr_line' id='line_1_29' title="bbox 181 3872 865 3973; baseline 0.016 -32"><span class='ocrx_word' id='word_1_242' title='bbox 181 3885 184 3894; x_wconf 90' lang='grc'><strong>’</strong></span> <span class='ocrx_word' id='word_1_243' title='bbox 285 3937 288 3946; x_wconf 95' lang='grc'><strong><em>,</em></strong></span> <span class='ocrx_word' id='word_1_244' title='bbox 410 3872 498 3973; x_wconf 65' lang='grc' dir='ltr'><strong>ἀμφὶ</strong></span> <span class='ocrx_word' id='word_1_245' title='bbox 518 3873 595 3956; x_wconf 76' lang='grc' dir='ltr'><strong>τούς</strong></span> <span class='ocrx_word' id='word_1_246' title='bbox 614 3874 865 3972; x_wconf 81' lang='grc' dir='ltr'><strong><em>τεσσαράκοντα.</em></strong></span> 
     </span>
     <span class='ocr_line' id='line_1_30' title="bbox 452 3985 1548 4079; baseline 0.004 -27"><span class='ocrx_word' id='word_1_247' title='bbox 452 3985 568 4074; x_wconf 77' lang='lat' dir='ltr'><strong>Agitur</strong></span> <span class='ocrx_word' id='word_1_248' title='bbox 587 3988 627 4053; x_wconf 89' lang='lat' dir='ltr'><strong>do</strong></span> <span class='ocrx_word' id='word_1_249' title='bbox 643 3991 781 4074; x_wconf 88' lang='lat' dir='ltr'><strong>proelio,</strong></span> <span class='ocrx_word' id='word_1_250' title='bbox 800 3989 886 4079; x_wconf 90' lang='lat' dir='ltr'><strong>quod</strong></span> <span class='ocrx_word' id='word_1_251' title='bbox 904 4012 1001 4057; x_wconf 82' lang='lat' dir='ltr'><strong>verno</strong></span> <span class='ocrx_word' id='word_1_252' title='bbox 1021 4004 1164 4079; x_wconf 86' lang='lat' dir='ltr'><strong>tempore</strong></span> <span class='ocrx_word' id='word_1_253' title='bbox 1181 4015 1212 4061; x_wconf 89' lang='lat' dir='ltr'><strong>a.</strong></span> <span class='ocrx_word' id='word_1_254' title='bbox 1235 3995 1300 4057; x_wconf 79' lang='lat'><strong>335</strong></span> <span class='ocrx_word' id='word_1_255' title='bbox 1321 3988 1406 4057; x_wconf 90' lang='lat' dir='ltr'><strong>haud</strong></span> <span class='ocrx_word' id='word_1_256' title='bbox 1425 3994 1548 4079; x_wconf 88' lang='lat' dir='ltr'><strong>procul</strong></span> 
     </span>
     <span class='ocr_line' id='line_1_31' title="bbox 409 4094 1547 4187; baseline 0.005 -28"><span class='ocrx_word' id='word_1_257' title='bbox 409 4094 565 4182; x_wconf 78' lang='lat' dir='ltr'><strong>alygino</strong></span> <span class='ocrx_word' id='word_1_258' title='bbox 593 4116 687 4159; x_wconf 89' lang='lat' dir='ltr'><strong>amno</strong></span> <span class='ocrx_word' id='word_1_259' title='bbox 716 4094 788 4185; x_wconf 78' lang='lat' dir='ltr'><strong>(eff.</strong></span> <span class='ocrx_word' id='word_1_260' title='bbox 815 4099 957 4187; x_wconf 83' lang='lat' dir='ltr'><strong>Droysen</strong></span> <span class='ocrx_word' id='word_1_261' title='bbox 983 4101 1007 4166; x_wconf 87' lang='lat' dir='ltr'><strong>l.</strong></span> <span class='ocrx_word' id='word_1_262' title='bbox 1030 4101 1053 4167; x_wconf 90' lang='lat' dir='ltr'><strong>l.</strong></span> <span class='ocrx_word' id='word_1_263' title='bbox 1076 4112 1159 4167; x_wconf 85' lang='lat' dir='ltr'><strong>etv.</strong></span> <span class='ocrx_word' id='word_1_264' title='bbox 1188 4098 1220 4167; x_wconf 92' lang='lat' dir='ltr'><strong>d.</strong></span> <span class='ocrx_word' id='word_1_265' title='bbox 1248 4099 1330 4187; x_wconf 73' lang='lat' dir='ltr'><strong>Chys</strong></span> <span class='ocrx_word' id='word_1_266' title='bbox 1360 4098 1547 4165; x_wconf 76' lang='lat' dir='ltr'><strong>Commorat.</strong></span> 
     </span>
     <span class='ocr_line' id='line_1_32' title="bbox 407 4198 1476 4296; baseline 0.007 -29"><span class='ocrx_word' id='word_1_267' title='bbox 407 4221 524 4296; x_wconf 75' lang='lat' dir='ltr'><strong>geogr.</strong></span> <span class='ocrx_word' id='word_1_268' title='bbox 542 4204 582 4269; x_wconf 82' lang='grc' dir='ltr'><strong><em>ι’νι</em></strong></span> <span class='ocrx_word' id='word_1_269' title='bbox 600 4198 747 4270; x_wconf 81' lang='grc' dir='ltr'><strong><em>Αννίαπ.</em></strong></span> <span class='ocrx_word' id='word_1_270' title='bbox 767 4226 801 4293; x_wconf 87' lang='lat' dir='ltr'><strong>p.</strong></span> <span class='ocrx_word' id='word_1_271' title='bbox 825 4200 872 4293; x_wconf 83' lang='lat' dir='ltr'><strong>t.)</strong></span> <span class='ocrx_word' id='word_1_272' title='bbox 892 4227 966 4273; x_wconf 91' lang='lat' dir='ltr'><strong>cum</strong></span> <span class='ocrx_word' id='word_1_273' title='bbox 986 4206 1133 4273; x_wconf 88' lang='lat' dir='ltr'><strong>Triballis</strong></span> <span class='ocrx_word' id='word_1_274' title='bbox 1156 4207 1358 4275; x_wconf 87' lang='lat' dir='ltr'><strong>commissum</strong></span> <span class='ocrx_word' id='word_1_275' title='bbox 1379 4217 1437 4274; x_wconf 78' lang='lat' dir='ltr'><strong>est.</strong></span> <span class='ocrx_word' id='word_1_276' title='bbox 1472 4270 1476 4280; x_wconf 76' lang='grc'><strong><em>,</em></strong></span> 
     </span>
    </p>
   </div>
   <div class='ocr_carea' id='block_1_4' title="bbox 946 4396 1006 4471">
    <p class='ocr_par' dir='ltr' id='par_1_4' title="bbox 946 4396 1006 4471">
     <span class='ocr_line' id='line_1_33' title="bbox 946 4396 1006 4471; baseline -0.1 0"><span class='ocrx_word' id='word_1_277' title='bbox 946 4396 1006 4471; x_wconf 87' lang='grc' dir='ltr'><strong>ΙΙΙ.</strong></span> 
     </span>
    </p>
   </div>
   <div class='ocr_carea' id='block_1_5' title="bbox 409 4538 1641 4752">
    <p class='ocr_par' dir='ltr' id='par_1_5' title="bbox 409 4538 1641 4752">
     <span class='ocr_line' id='line_1_34' title="bbox 454 4538 1641 4643; baseline 0.005 -29"><span class='ocrx_word' id='word_1_278' title='bbox 454 4550 579 4622; x_wconf 76' lang='lat' dir='ltr'><strong>Arrian.</strong></span> <span class='ocrx_word' id='word_1_279' title='bbox 602 4556 630 4621; x_wconf 89' lang='lat'><strong>1.</strong></span> <span class='ocrx_word' id='word_1_280' title='bbox 655 4558 688 4624; x_wconf 82' lang='lat'><strong>8.</strong></span> <span class='ocrx_word' id='word_1_281' title='bbox 711 4551 813 4643; x_wconf 83' lang='grc' dir='ltr'><strong><em>Λέγει</em></strong></span> <span class='ocrx_word' id='word_1_282' title='bbox 838 4554 1087 4639; x_wconf 80' lang='grc' dir='ltr'><strong><em>Πτολεμαῖος</em></strong></span> <span class='ocrx_word' id='word_1_283' title='bbox 1115 4545 1301 4641; x_wconf 86' lang='grc' dir='ltr'><strong><em>ὁΛάγου,</em></strong></span> <span class='ocrx_word' id='word_1_284' title='bbox 1326 4545 1378 4621; x_wconf 81' lang='grc' dir='ltr'><strong>ὅτι</strong></span> <span class='ocrx_word' id='word_1_285' title='bbox 1398 4553 1547 4643; x_wconf 83' lang='grc' dir='ltr'><strong><em>Περδέν-</em></strong></span> <span class='ocrx_word' id='word_1_286' title='bbox 1639 4538 1641 4601; x_wconf 79' lang='lat' dir='ltr'><strong>l</strong></span> 
     </span>
     <span class='ocr_line' id='line_1_35' title="bbox 409 4652 1548 4752; baseline -0.004 -21"><span class='ocrx_word' id='word_1_287' title='bbox 409 4675 482 4738; x_wconf 70' lang='grc' dir='ltr'><strong>τας,</strong></span> <span class='ocrx_word' id='word_1_288' title='bbox 510 4658 768 4746; x_wconf 69' lang='grc' dir='ltr'><strong><em>προτεταγμένος</em></strong></span> <span class='ocrx_word' id='word_1_289' title='bbox 799 4661 858 4749; x_wconf 86' lang='grc' dir='ltr'><strong>τῆς</strong></span> <span class='ocrx_word' id='word_1_290' title='bbox 890 4659 1038 4752; x_wconf 82' lang='grc' dir='ltr'><strong><em>φυλακῆς</em></strong></span> <span class='ocrx_word' id='word_1_291' title='bbox 1069 4659 1129 4729; x_wconf 79' lang='grc' dir='ltr'><strong>τοῦ</strong></span> <span class='ocrx_word' id='word_1_292' title='bbox 1157 4658 1383 4749; x_wconf 84' lang='grc' dir='ltr'><strong><em>στρατοπέδου</em></strong></span> <span class='ocrx_word' id='word_1_293' title='bbox 1413 4652 1473 4727; x_wconf 75' lang='lat' dir='ltr'><strong>orio</strong></span> <span class='ocrx_word' id='word_1_294' title='bbox 1500 4662 1548 4750; x_wconf 80' lang='grc' dir='ltr'><strong>τῇ</strong></span> 
     </span>
    </p>
   </div>
   <div class='ocr_carea' id='block_1_6' title="bbox 0 0 1814 5892">
    <p class='ocr_par' dir='ltr' id='par_1_6' title="bbox 0 0 1814 5892">
     <span class='ocr_line' id='line_1_36' title="bbox 0 0 1814 5892; baseline 0 4"><span class='ocrx_word' id='word_1_295' title='bbox 0 0 1814 5892; x_wconf 95' lang='lat' dir='ltr'><strong> </strong></span> 
     </span>
    </p>
   </div>
  </div>
 </body>
</html>
