3617 5892
817 682 859 745 ³3

315 850 471 919 Uxiorum
499 860 615 937 ιοχιια
639 849 727 917 Darii
754 863 908 934 maurum,
934 853 1157 943 Siuygumbin,
1189 861 1313 927 venium
1341 882 1400 947 pro

271 977 311 1023 οιι
326 968 422 1044 geute
440 956 479 1022 ab
497 954 678 1027 Alexandro
694 967 727 1025 ut
741 958 869 1043 petiisse
884 970 917 1023 ει
937 960 1139 1047 impetrasse,
1159 975 1270 1030 ειιοιοι
1288 964 1400 1033 itidem

271 1075 323 1131 eut
350 1063 474 1132 Curtius
503 1064 544 1133 V.
574 1065 607 1132 3.
634 1064 676 1127 λθ
701 1080 771 1150 sqq.
794 1065 878 1145 Alii,
903 1076 941 1131 ut
967 1066 1075 1133 innuit
1099 1070 1193 1135 etiam
1220 1070 1397 1151 Arrianus,

270 1170 361 1235 Uxiis
400 1170 475 1255 ipsis
516 1169 698 1255 putonuibus'
738 1170 843 1237 dutum
866 1174 1006 1238 ¹iunium
1043 1174 1253 1244 tradiderunt.
1293 1178 1401 1265 Atque

269 1274 350 1342 hine
370 1285 477 1361 putet,
501 1296 568 1363 quo
582 1275 656 1358 jure
673 1275 850 1344 Ellendtiuu
869 1299 907 1345 ux
923 1278 1088 1354 codicibus
1111 1271 1245 1368 εὕροντο
1267 1303 1400 1369 recopu-

271 1381 315 1447 riu
334 1402 392 1468 pru
407 1381 513 1449 uutivo
536 1370 639 1468 εὗρον.
662 1379 737 1449 vid.
756 1381 824 1465 ejus
842 1396 951 1453 unnut.

805 1611 861 1677 xl.

316 1798 444 1866 Arriun.
468 1798 526 1865 ΠΙ.
550 1800 604 1867 26.
633 1782 870 1871 Muci
814 1797 870 1865 καί
897 1793 956 1889 την
982 1790 1116 1867 Φιλώτα
1140 1796 1316 1892 ἐπιβουλὴν
1340 1802 1401 1873 τοῦ

268 1899 504 1991 Παρμενίωνος
531 1895 664 1984 έμαθεν
685 1892 912 1990 Ἀλέξανδρος.
942 1900 1011 1971 Καί
1035 1899 1122 1989 λέγει
1145 1904 1401 1989 Πτολεμαῖος

267 2003 326 2069 καί
347 1994 653 2094 'Aewvduovioust
640 1996 692 2071 ότι
711 2003 970 2128 προηγγελμλνην
988 1997 1052 2095 ἤδη
1070 2030 1103 2075 οι
1093 2004 1174 2074 (καί
1190 1999 1353 2099 πρότερον
1368 2006 1402 2077 ἐν
1470 2066 1473 2074 .

267 2098 447 2194 Αἶγώπτῳ·
470 2130 510 2175 ου
502 2099 640 2193 ’μέντοι
659 2096 760 2196 πιστή
781 2128 818 2195 γε
839 2098 943 2197 ἐφάνη
963 2109 1022 2198 τῆς
1042 2130 1080 2175 τε
1097 2108 1265 2228 φιλίας
1224 2134 1284 2201 της
1299 2102 1404 2179 πάλαι

268 2207 376 2276 είνεκα
399 2209 455 2277 καί
481 2210 540 2299 τῆς
565 2208 599 2291 ἐξ
627 2202 727 2277 αὐτοῦ
752 2208 786 2284 ἐς
811 2203 1029 2299 Παρμενίωνά
1051 2235 1090 2279 τε
1114 2205 1169 2281 τδν
1197 2208 1387 2303 πατέρα
1347 2239 1405 2282 τον

270 2304 406 2379 Φιλώτα
432 2313 527 2401 τιμῆς
551 2310 650 2379 μαλ’
632 2334 665 2389 ες
686 2304 783 2379 αὐτὸν
807 2305 955 2381 Φιλώταν
974 2314 1129 2393 πίστεως.
1155 2317 1405 2402 Πτολεμαῖος

266 2413 308 2481 δέ
336 2404 355 2481 ὁ
385 2404 522 2500 Λάγου
547 2411 649 2498 λέγει,
677 2413 912 2501 εἰσαχθῆναι
893 2439 928 2492 ες
948 2409 1143 2496 Μακεδόνας
1166 2410 1328 2503 Φιλώταν,
1348 2418 1405 2486 καί

265 2516 491 2634 κατηγορῆσαι
516 2512 575 2600 μέν
600 2507 701 2583 αὐτοῦ
723 2513 866 2603 ίσχυρώς
895 2518 985 2584 Αλέ
966 2522 1111 2609 ανδρον,
1134 2514 1407 2613 απολογησασθαι

265 2615 336 2687 δὲ
332 2611 430 2687 αώιδν
452 2609 615 2687 Φιλώταν·
631 2616 685 2683 καὶ
705 2610 783 2693 τούς
804 2614 1002 2708 ἐπιμηνυτὰς
1021 2624 1081 2707 τοῦ
1097 2619 1203 2713 ἔργου,
1220 2615 1407 2713 παρελθόν-

267 2743 331 2797 τας
364 2720 526 2809 ἐξελέγξαι
557 2711 706 2789 Φιλώταν
736 2744 774 2787 τε
806 2720 861 2788 καί
893 2714 972 2799 τοδς
1003 2714 1088 2813 ἄμφ’
1116 2717 1213 2792 αώτδν
1237 2719 1347 2801 ἄλλοις
1370 2748 1408 2793 τε

269 2821 414 2911 ἐλέγχοις
448 2816 506 2891 οὐκ
544 2815 699 2913 ἅφανέσι,
721 2814 789 2891 καί
815 2815 958 2907 μάλιστα
985 2818 1075 2914 δή“
1053 2850 1105 2893 οτι
1130 2818 1229 2903 αώιδς
1259 2817 1409 2903 Φιλώτας

271 2918 450 2995 πεπύσθαι
475 2926 533 3011 μὲν
559 2917 733 3017 ἐπιβουλίν
758 2952 830 2993 τινα
852 2920 951 2995 'Ais
931 2918 1061 3048 ώνδρῳ
1083 2928 1410 3047 παρασκευαζομένην

270 3027 407 3120 συνέφη,
422 3027 607 3119 ἐξηλέγχετο
624 3027 661 3096 δὲ
678 3020 932 3119 κατασιωπήσας
943 3022 1061 3150 ταύτην
1075 3026 1163 3121 πρὸς
1181 3024 1409 3123 Ἀλέξανδρον,

270 3130 379 3200 καίτοι
403 3130 455 3207 δίς
482 3130 538 3199 ἐπί
559 3124 616 3220 τήν
636 3123 749 3222 σκηνὴν
771 3124 933 3221 ὁσημέραι
951 3126 1009 3223 την
1028 3125 1249 3251 Αλεξάνδρου
1274 3137 1409 3225 φοιτῶν.

271 3234 343 3300 Καί
371 3224 520 3301 Φιλώταν
546 3232 604 3317 μὲν
623 3235 941 3323 κατακοντισθῆναι
932 3229 1019 3323 πρδς
1039 3229 1103 3303 τών
1127 3229 1337 3321 Μακεδόνων,
1355 3237 1411 3305 ιιαλ

253 3329 349 3405 Ιὅσοι
368 3327 461 3405 ἄλλοι
484 3334 641 3454 μετέρχον
664 3328 755 3421 αδτῳ
776 3336 834 3425 τῆς
850 3336 1077 3425 ἐπιβουλῆς·’
1058 3337 1116 3405 επὶ
1127 3339 1352 3428 Παρμενίωνα
1373 3338 1411 3407 δὲ

272 3438 427 3557 σταληναι
447 3429 701 3523 Πολυδάμαντα,
734 3437 790 3507 ἕνα
809 3438 875 3505 τών
895 3438 1042 3557 ἑταίρων,
1068 3430 1242 3528 γράμματα
1266 3441 1412 3531 φέροντα

271 3563 346 3661 παρ
345 3532 584 3631 Ἀλεξάνδρου
603 3533 690 3630 πρὸς
704 3562 785 3617 τους
797 3559 999 3630 στρατηγοος
1008 3563 1087 3617 τους
1102 3540 1135 3609 ἐν
1148 3542 1276 3668 Μηδλη,
1291 3542 1411 3611 Κλέαν

272 3633 355 3733 δρόν
373 3666 411 3711 τε
434 3668 489 3713 και
478 3635 663 3733 Σιτάλκην
686 3642 741 3710 καί
764 3643 927 3719 Μενίδαν·
951 3635 1043 3711 οὗτοι
1064 3636 1125 3735 γδρ
1152 3643 1210 3713 ε’πί
1231 3670 1290 3738 της
1311 3668 1412 3739 στρα

271 3747 360 3829 τιοῖς,
382 3738 422 3837 ἦς
442 3737 522 3838 ἦρχε
542 3746 747 3837 Παρμενίων,
777 3745 963 3873 τεταγμένρι
983 3737 1073 3838 ἦσαν.
1095 3749 1162 3819 Καὶ
1183 3744 1270 3842 πρδς
1289 3743 1413 3819 τούτων

272 3842 456 3919 αποθανεῖν
476 3849 706 3938 Παρμενίωνα,
734 3843 831 3935 τυχδν
853 3853 912 3935 μὲν
934 3844 986 3919 ὅτι
1009 3844 1050 3918 06
1066 3846 1184 3920 πιστδν
1203 3844 1363 3923 ἐδόκει
1332 3878 1413 3921 ειναι
1451 3910 1453 3920 ,

271 3944 498 4073 Αλεξάνδριρ,
528 3942 659 4021 Φιλώτα
685 3943 968 4036 ἐπιέουλεώοννος,
997 3980 1042 4044 μη
1033 3947 1298 4076 ξυμμετασχεῖν
1318 3963 1412 4044 Παρ-

271 4056 414 4141 μενέωνα
434 4079 482 4142 τῳ
469 4052 602 4123 παιδὶ
623 4054 683 4122 τοῦ
712 4046 1003 4179 ἐπιβορλεώματος·
1030 4053 1126 4177 τρχδν
1150 4054 1230 4127 δέ”
1210 4084 1278 4143 οτι,
1304 4057 1336 4125 εί
1357 4080 1412 4123 και

272 4154 320 4249 μὴ
349 4157 563 4245 ξυμμετέσχε,
599 4151 768 4247 σφαλερδς
800 4146 913 4247 ἤδη
893 4184 931 4249 ην
958 4156 1083 4283 περἉαδν
1115 4162 1345 4278 Παρμενίων
1350 4161 1413 4227 τοῦ

272 4254 395 4337 παιδδς
420 4254 522 4331 αὐτοῦ
547 4250 800 4351 ανῃρημένου,’
782 4284 815 4329 εν
839 4252 982 4381 τοσαύτη
1010 4256 1055 4331 (δν
1089 4256 1223 4347 ἆξιώσει
1254 4250 1348 4352 παρά
1375 4284 1413 4329 τε

274 4356 366 4450 αὕτη
382 4355 593 4454 Ἀλεξάνδρῳ
608 4362 663 4431 καί
667 4388 713 4441 ,ες
729 4388 768 4432 το
759 4355 866 4433 ἄλλο
886 4357 1085 4455 στράτευμα,
1106 4361 1151 4457 μή
1169 4360 1221 4434 ὅτι
1241 4358 1281 4432 τδ
1299 4373 1413 4434 Μακε-

274 4462 410 4551 δονικόν,
433 4460 515 4589 α’λλρῖ
534 4466 671 4537 καίνων
693 4454 797 4537 ἷίλλων
817 4461 979 4553 ξένων,
950 4495 995 4537 ων
1015 4460 1172 4545 πολλάκις
1196 4466 1286 4533 καί’
1268 4493 1301 4535 εν
1318 4467 1413 4591 μέρει

273 4568 332 4635 καί
351 4564 445 4662 παρὰ
463 4596 502 4640 το
493 4562 623 4661 μέρος
643 4596 725 4639 κατα
715 4563 987 4662 πρώσταξιντην
1003 4562 1214 4659 Ἀλεξάνδρου
1228 4564 1337 4653 ξέν’
1297 4599 1410 4665 χαριτ,

276 4669 430 4759 ἐξηγεῖτο.

1237 4780 1255 4829 3
