3617 5892
817 691 877 753 163

281 857 447 947 ἐγκωμίών
473 867 504 928 in
533 863 711 949 fragmento
738 863 878 928 Charetis
898 861 1068 938 tuendam,
1093 860 1135 923 its
1158 879 1262 945 neque
1280 860 1402 924 Aeliani

199 988 200 991 ’
283 970 411 1035 silentio
436 969 692 1048 commendatur,
723 970 779 1054 qui
807 967 848 1034 V.
874 968 915 1033 H.
942 967 982 1038 ll.
1011 969 1074 1032 dl:
1106 953 1247 1048 ’Ayotm
1278 969 1401 1052 inquit,

282 1076 438 1161 μουσικῆς
457 1073 511 1139 καὶ
533 1071 675 1138 ἱππικῶν
693 1070 748 1135 καί
768 1063 919 1157 ἀθλητῶν
940 1068 1081 1158 διέθηκε.
1099 1068 1191 1154 Apud
1207 1069 1402 1137 Athenaeum

198 1192 199 1197 ’
283 1178 398 1242 vitium
414 1179 499 1243 haud
520 1177 617 1242 dubie
634 1176 711 1240 latet
725 1177 759 1239 in
770 1196 848 1239 roco
866 1171 1041 1258 ἐγκωμίων,
1061 1173 1147 1261 quod
1159 1197 1199 1238 ne
1213 1177 1259 1242 sic
1275 1177 1402 1262 quidem

198 1271 200 1287 ἶ
284 1284 451 1350 commode
470 1284 610 1361 sanabis,
631 1283 656 1346 si
676 1285 782 1362 κῶμον
796 1280 938 1366 cogitans
959 1268 1112 1362 ἐγκώμιον
1124 1281 1254 1346 rescribi
1262 1281 1403 1364 jusseris.

283 1389 486 1454 Probabilins
506 1392 637 1456 fortasse
652 1377 805 1473 ἐγχώρων
821 1386 987 1462 restitues,
1004 1386 1091 1471 quod
1109 1388 1298 1453 vocabulum
1311 1389 1403 1452 etiarn

283 1495 432 1582 dispicias
443 1499 536 1561 velim
546 1518 604 1575 an,
616 1501 736 1558 mutata
747 1490 841 1569 sede,
859 1492 976 1554 referas
989 1490 1027 1555 ad
1038 1487 1275 1590 ἀκρασοιρσσίας
1281 1485 1403 1578 ἀγῶνα,

283 1602 330 1665 ita
356 1614 393 1667 ut
419 1615 575 1688 expuncta
599 1599 713 1665 vocula
739 1593 810 1676 καί,
835 1617 917 1682 quae
936 1597 1048 1683 ntique
1070 1594 1229 1676 abundat,
1246 1600 1405 1684 scripserit

284 1715 417 1780 Chares:
432 1705 548 1801 Ἔθηκε
569 1713 607 1780 δὲ
625 1709 679 1776 καί
698 1700 753 1774 doci
772 1702 829 1796 τὴν
849 1706 1011 1796 φιλοινίαν
1028 1707 1091 1770 τῶν
1108 1699 1204 1776 Ἰνδῶν
1217 1702 1405 1799 ἐγχώριον

284 1810 523 1906 ἀκρατοποσίας
550 1809 664 1902 ἀγῶνα.
694 1813 801 1879 Calani
828 1814 1011 1877 memoriam
1040 1813 1135 1900 digne
1164 1803 1403 1896 celebraturus,

284 1923 463 1988 Alexander
483 1923 530 1987 de
560 1942 648 1985 more
675 1941 731 1984 sno
757 1917 857 1982 edidit
883 1910 1029 2001 γυμνικόν
1048 1909 1154 2001 ἀγῶνα
1174 1915 1227 1980 καί
1246 1913 1404 2000 μουσικόν.

285 2030 327 2094 At
345 2032 428 2092 totus
446 2030 501 2092 ille
523 2029 628 2093 Caleni
650 2027 749 2090 exitus
768 2021 806 2087 u't
825 2025 942 2087 festum
961 2033 1028 2086 erat
1043 2044 1115 2085 vere
1132 2021 1295 2103 Indicum,
1313 2025 1355 2089 ita
1374 2029 1404 2088 in

284 2134 437 2200 Indorum
474 2136 607 2220 gratiam
639 2132 738 2217 inque
765 2130 917 2212 majorem
946 2127 1117 2205 feriarum,
1150 2148 1227 2213 quas
1251 2130 1405 2214 agebant,

253 2281 257 2288 ·
285 2241 486 2326 splendorem
506 2261 620 2304 norum
630 2235 760 2324 quidem
770 2235 1013 2312 Macedonibus,
1033 2233 1159 2297 sedillis
1172 2235 1405 2300 usitatissimum

284 2347 422 2411 instituit
438 2337 680 2432 ἀκρατοποσίας
698 2352 878 2418 certamen,
897 2340 957 2423 ipsi
973 2340 1080 2406 Gelani
1102 2340 1255 2403 voluntati
1275 2341 1406 2407 obsecu-

285 2463 357 2530 tus,
388 2462 425 2516 ut
450 2451 505 2537 qui
522 2447 707 2549 ldacedones
724 2447 929 2521 inritaverat,
951 2442 1006 2531 τὴν
1025 2425 1158 2531 ἡμέραν
1168 2442 1285 2532 ἐκείνην
1305 2439 1408 2532 ἡδέως

284 2553 451 2641 γενέσθαι,
473 2550 526 2617 καί
546 2549 757 2636 μεθυσθῆναι
777 2546 859 2630 perci
878 2547 939 2613 τοῦ
959 2545 1128 2630 βασιλέως.
1157 2549 1227 2617 vid.
1244 2547 1404 2614 Plutarch.

285 2659 307 2726 l.
334 2659 356 2725 l.
378 2657 484 2722 LXIX.
513 2657 580 2721 Nec
601 2654 737 2739 denegat
756 2675 844 2718 meae
860 2651 1063 2736 conjecturae
1082 2655 1294 2740 patrocinium
1313 2639 1409 2719 snum⁸

284 2765 451 2842 Aelianus,
476 2783 575 2848 quum
596 2762 619 2826 l.
639 2760 662 2825 l.
682 2761 728 2825 sic
744 2771 880 2846 pergat:
901 2749 1123 2846 Χαριζὸμενος
1143 2755 1180 2824 δὲ
1200 2761 1269 2832 τοῖς
1288 2749 1406 2838 Ἰνδοῖς,

284 2873 337 2942 καί
357 2898 389 2941 τι
410 2865 621 2961 ἐπιχώριον
643 2863 747 2937 αάτών
766 2862 972 2957 ἀγώνισμα
999 2867 1047 2945 εἰς
1067 2861 1158 2957 τιμήν
1179 2868 1239 2934 τοῦ
1259 2864 1407 2936 Καλάνοο

246 3012 248 3019 ·
285 2984 568 3074 σογκατηρίθμησε
592 2988 661 3059 τοῖς
689 2973 807 3059 ἀθίοις
831 2986 902 3058 τοῖς
927 2980 1182 3071 προειρημένοις.
1214 2983 1292 3047 Nam
1320 2985 1405 3070 qnod

286 3087 497 3186 ἐπιχώριον
514 3086 678 3180 ἀγώνισμα
696 3097 790 3176 dicit,
812 3118 874 3160 non
895 3086 1056 3183 ἐγχώριον,
1081 3096 1112 3159 id
1135 3095 1263 3183 quidem
1282 3097 1314 3160 in
1333 3121 1404 3184 pro·

285 3203 406 3267 miscuo
426 3201 539 3266 horum
558 3202 725 3265 verborum
745 3224 805 3265 usu
823 3205 978 3266 neminem
998 3201 1147 3266 offendet.
1167 3203 1258 3268 Sicv.
1270 3223 1299 3267 o.
1312 3204 1406 3290 Aegi-

286 3320 430 3373 netarnm
458 3309 579 3372 Heraea
609 3305 777 3392 designans
806 3306 960 3370 Pindarus
986 3305 1089 3390 Pyre,
1119 3308 1206 3372 VlIl.
1236 3308 1280 3370 80
1304 3299 1408 3393 ἀγῶνα

286 3401 513 3500 ἐπιχώριον,
546 3423 656 3477 contra
684 3413 840 3477 Doloncos
868 3423 997 3490 notans,
1029 3412 1174 3475 vestitum
1201 3423 1357 3498 gestantes
1375 3415 1407 3474 in
1431 3429 1439 3456 r

285 3515 345 3581 hac
369 3528 462 3604 gente
491 3541 563 3582 non·
583 3520 748 3596 usitatum,
774 3514 898 3602 ἐσθῆτα
921 3507 977 3580 οὐκ
998 3513 1204 3604 ἐγχωρίην
1226 3518 1406 3584 Herodotus

284 3624 411 3708 scripsit
429 3624 482 3691 Vl.
504 3628 558 3691 ³5.

328 3737 476 3803 Ceterum
499 3737 538 3803 de
562 3740 727 3823 praemiis,
748 3737 923 3807 victoribus
940 3736 1136 3815 constitutis,
1160 3741 1307 3804 convenit
1323 3741 1407 3804 inter

285 3841 481 3908 Athenaeum
500 3855 532 3908 et
550 3844 736 3922 Aelianum,
755 3864 892 3931 quorum
914 3842 937 3904 si
961 3842 1008 3904 vel
1026 3841 1407 3928 alterutruminsperisset

254 3970 257 3977 ’
286 3949 450 4028 lleishius,
479 3949 564 4035 apud
592 3951 799 4015 Plutarchum
823 3947 990 4019 Promachi
1009 3949 1184 4040 praemium
1201 3949 1239 4012 ad
1259 3961 1407 4028 trecento

285 4056 402 4119 talenta
427 4059 539 4142 augeri
565 4079 629 4124 non
646 4057 800 4140 jussisset.
819 4053 971 4136 ‘Gonjecit
991 4056 1081 4122 enim,
1097 4052 1299 4119 scribendum
1318 4077 1405 4120 esse:

286 4151 328 4224 sd
353 4150 544 4247 νικητήρων,
571 4158 730 4247 στέφανον
754 4151 780 4224 τ’
802 4149 1013 4240 ταλάντων,
1035 4183 1135 4247 quum
1159 4160 1307 4226 ederetur
1325 4183 1407 4249 νικη-

287 4250 394 4348 τήριον
420 4260 580 4350 στέφανον
610 4254 812 4344 τάλαντον,
835 4262 870 4326 in
889 4263 1006 4348 quibus
1024 4277 1144 4332 tantum
1162 4268 1333 4332 articulum
1352 4258 1408 4330 τόν
1459 4289 1465 4304 ¹
1513 4275 1515 4282 '

287 4376 359 4429 ante
387 4356 563 4455 νιιογτὴροον
590 4368 762 4434 desiderari
783 4369 906 4433 censsiit
925 4370 1076 4436 Plehnius
1099 4373 1247 4439 Lesbios.
1272 4395 1303 4458 p.
1327 4373 1405 4437 210.

289 4469 421 4537 Videtur
442 4494 516 4537 sero
534 4496 551 4537 e
569 4475 740 4539 Plutarcho
762 4474 942 4540 Athenaeus
960 4478 1185 4562 corrigendus,
1210 4479 1263 4542 cui
1285 4479 1406 4563 primus

287 4575 603 4664 Schweighaeuserus
628 4602 665 4645 ex
695 4580 848 4644 ambobus
869 4584 933 4644 suis
955 4583 1118 4648 codicibus
1140 4583 1295 4663 reddidit,
1324 4605 1406 4670 qnae

289 4684 435 4746 aceteris
459 4685 609 4765 aberant,
633 4686 710 4751 haec
731 4697 802 4750 octo
827 4687 921 4751 rerba
944 4707 951 4748 :
974 4680 1085 4752 καὶτὸ
1106 4679 1257 4756 τάλαντον
1279 4684 1407 4768 ἐλαβεν,

1245 4792 1290 4840 ll*
