3617 5892
936 716 999 780 tut

401 885 501 977 φησιν
523 911 541 953 ο
569 874 909 974 Αριστόβουλος
893 875 1024 951 τστόναι
1048 880 1081 949 ἐν
1105 874 1199 948 ὕδατι
1223 882 1373 965 κλειστῷ·
1399 878 1545 999 πρασίας

400 982 431 1055 δ
455 986 536 1055 τίνοι
564 980 623 1062 τοὶς
654 982 787 1071 ἐχούσας
814 979 926 1072 αὐτην·
954 979 1043 1076 ὕψος
1071 986 1108 1054 δὲ
1133 984 1193 1051 τοῦ
1215 984 1323 1073 φυτοῦ
1348 973 1545 1071 τετράπηχυ

401 1082 587 1175 πολόσταχό
621 1112 658 1155 τι
690 1088 744 1154 καί
776 1079 1002 1178 πολύκαρπον·
1033 1088 1236 1178 θιρίζεσθαι
1266 1085 1305 1153 δὲ
1337 1084 1430 1175 περί
1461 1080 1544 1151 δόσιν

401 1185 581 1281 nequeas,
610 1190 665 1257 καί
693 1188 950 1257 πτίσσεσθαι
924 1215 970 1269 ως
989 1186 1049 1269 τός
1071 1184 1176 1273 ζωός·
1198 1181 1348 1281 φύεσθαι
1370 1187 1417 1254 δὲ
1439 1188 1499 1254 καὶ
1517 1186 1544 1255 ἐν

400 1298 442 1385 τῇ
464 1294 643 1383 Βακτριανῇ
663 1291 717 1358 καί
731 1291 927 1380 Βαβυλωνίᾳ
943 1294 998 1361 καί
1018 1294 1160 1363 Σουσίὸι.

445 1398 540 1483 Quod
564 1420 649 1464 nune
669 1398 701 1464 h
722 1398 745 1464 t.
768 1390 928 1485 legitur'
906 1420 974 1464 ατο
985 1422 1044 1465 του
1064 1389 1252 1482 τυχόντος
1272 1384 1421 1513 α’ρυιιτου
1446 1418 1542 1482 χαρα

401 1507 553 1589 χθεῖσαν,
569 1526 627 1590 pro
646 1525 711 1589 quo
728 1515 820 1569 antea
842 1504 997 1568 edebatur
1013 1493 1190 1590 ψόχοντος,
1201 1501 1234 1565 id
1249 1501 1386 1565 eximiae
1406 1500 1542 1565 debetur
1609 1493 1611 1594 ί

402 1608 580 1676 casauboni
612 1608 844 1688 emendationI,
874 1608 1030 1673 laudantis
1060 1608 1139 1672 haec
1163 1608 1257 1672 rerba
1282 1607 1458 1671 Strabonis
1487 1606 1541 1674 VII
1609 1609 1611 1712 ρ

402 1739 434 1802 p
458 1716 593 1779 4783:
619 1703 660 1780 ‘H
677 1710 714 1778 δὲ
735 1704 815 1801 ἄλλη
837 1705 937 1829 rietur
957 1711 1011 1776 καί
1033 1702 1162 1797 εόγαιός
1181 1709 1250 1777 ἐστι
1266 1711 1375 1793 πᾶσα,
1401 1710 1488 1794 σίτῳ
1507 1710 1540 1774 δὲ
1609 1733 1610 1770 r

402 1817 456 1883 καί
484 1807 632 1936 ρφόόρα
647 1806 820 1901 ου’τυχῆς·
848 1807 1021 1903 τριάκοντα
1046 1814 1123 1899 γοῦν
1150 1805 1335 1881 αποόίόωσι
1369 1807 1445 1880 διό
1472 1838 1538 1879 του
1609 1843 1610 1872 ;

402 1910 780 2006 τυχόντοςόρυνιτου
769 1916 936 2000 σχιζόγ
936 1915 1024 2003 ιν.ίη

448 2025 496 2088 De
506 2022 630 2110 oppidis
641 2022 811 2102 indorum,
825 2022 1016 2086 sublimibus
1026 2022 1148 2088 iulocis
1158 2024 1349 2111 exstructis,
1363 2023 1403 2087 cf.
1412 2022 1531 2087 Arriae.

407 2130 516 2197 Ιιιόίι.
532 2131 572 2196 Χ.
594 2132 630 2209 4,
652 2128 692 2193 de
708 2150 801 2214 oryza
822 2149 897 2193 reru
915 2129 997 2193 PIiu.
1018 2128 1061 2193 H.
1077 2126 1121 2194 Ν.
1140 2130 1260 2197 XVIII.
1281 2132 1335 2196 13.
1360 2130 1444 2193 Stare
1459 2148 1530 2189 earu

405 2233 438 2300 ἐν
457 2226 552 2305 ὕδατι
572 2232 710 2317 κλειστρῖ
732 2254 838 2318 neque
858 2232 1022 2319 MegiIIum
1040 2236 1221 2319 praeteriit,
1243 2236 1301 2323 qui
1324 2232 1423 2354 apud
1426 2233 1530 2299 Strab.
1609 2279 1610 2312 ,

405 2364 438 2426 p.
471 2342 558 2408 1014
587 2340 649 2403 C:
690 2331 753 2425 Τήν
775 2329 895 2425 ὄρυζαν
917 2336 1118 2422 σπείρεσθαι
1144 2338 1204 2457 μὲν
1230 2332 1299 2426 πρό
1320 2339 1385 2403 τῶν
1404 2329 1534 2425 ὄμβρων
1609 2359 1610 2420 j

405 2442 530 2531 φησίν
553 2434 667 2515 testae
688 2438 734 2505 δὲ
744 2438 811 2504 καί
796 2438 958 2537 φυτείας
978 2435 1151 2507 δεῖσθαι’
1128 2435 1197 2508 από
1216 2442 1282 2508 τῶν
1302 2442 1455 2508 κλειστῶν
1476 2462 1532 2505 πο
1609 2423 1610 2448 ³

404 2544 489 2627 τιζογ
457 2543 571 2631 σμένην
592 2535 727 2610 tetras.
759 2546 905 2613 Vertitur
933 2547 1049 2611 itlie’
1033 2571 1072 2611 ιιι
1105 2571 1198 2635 aqua
1229 2547 1397 2612 ιίιιυὶονιὶι
1428 2560 1531 2621 stare,
1609 2585 1610 2602 2

406 2651 491 2719 unde
531 2652 668 2729 conjicio
701 2652 909 2737 interpretem
935 2650 1104 2739 legisse’
1086 2676 1119 2716 εν
1152 2644 1247 2718 όόατι
1274 2649 1415 2734 κλυστιμ,
1450 2650 1535 2737 quod
1609 2627 1610 2710 ί

405 2769 510 2823 tamen
530 2756 641 2821 fictum
657 2768 703 2821 est
720 2759 930 2824 vocabulum.
954 2749 1111 2823 Ιίλειστόν
1131 2750 1221 2842 ὕδωρ
1245 2757 1431 2841 capiendum
1447 2757 1535 2821 vide

405 2876 457 2927 tur
477 2862 517 2925 de
533 2884 635 2947 aqua,
655 2862 1043 2948 aggeribus,nedefluut,
1057 2861 1336 2948 undiqueeincta;
1352 2862 1533 2947 quemodo,
1609 2927 1610 2934 ¹

405 2969 431 3031 si
456 2979 543 3030 recte
564 2968 713 3043 memini,
741 2981 772 3031 et
797 2968 891 3033 hodie
913 2970 948 3030 iu
966 2990 1080 3053 oryzae
1100 2969 1226 3033 euItura
1251 2970 1321 3035 fieri
1336 2970 1422 3033 soter.
1444 2968 1534 3033 IIinc
1609 2951 1610 2970 ί

406 3070 640 3154 Theophrastus
654 3058 705 3137 ‘sti
738 3064 856 3156 ὄρυζαν
881 3084 1032 3158 tanquam
1054 3064 1111 3135 τόν
1132 3067 1235 3156 πολύν
1253 3065 1364 3162 χρόνον
1386 3070 1418 3137 ἐν
1437 3064 1530 3137 ὕδατι

407 3166 556 3263 πεφυκός
574 3175 741 3259 descripsit
758 3177 849 3243 Hist.
871 3178 991 3245 Ρίοιισ,
1013 3179 1070 3249 lv.
1095 3184 1124 3245 4.
1146 3181 1198 3243 10.

898 3392 1046 3459 XXXVI.

451 3581 564 3644 Strabo
585 3582 643 3650 XV
663 3603 695 3666 p.
719 3584 803 3646 1015
823 3583 952 3650 A-c,
980 3574 1043 3670 Την
1063 3570 1237 3667 ὁμοιότητα
1257 3578 1316 3666 τῆς
1335 3569 1445 3666 χώρας
1462 3569 1535 3643 ‘curi-
1609 3535 1610 3606 ί

405 3701 463 3766 της
487 3676 573 3799 πρός
597 3706 634 3748 τε
658 3678 714 3772 τὴν
739 3682 907 3771 Αἴγυπτον
925 3684 1054 3771 καίτην
1029 3678 1270 3764 Λίθωπίαν,
1292 3705 1347 3746 και
1337 3672 1522 3747 πόλιν
1484 3706 1535 3769 την
1609 3679 1610 3760 ἶ

406 3776 620 3908 ἐνρντιότητα,
647 3780 858 3913 παραθείςὸ
887 3779 1207 3913 Ἀριστόβουλρς,
1242 3776 1325 3851 όιότι
1354 3784 1404 3868 τῷ
1429 3783 1611 3890 Νείλῳ

406 3884 465 3969 μὲν
491 3884 524 3952 a’n
548 3887 613 3953 τῶν
641 3888 754 3955 νοτίων
781 3881 913 4009 ὄμβρων
939 3888 1025 3956 ἐστὶν
1050 3916 1072 3977 η
1062 3881 1279 3977 πλήρωσις,
1306 3890 1376 3962 τοῖς
1405 3851 1611 4007 Ἰνόρισῖς

407 3993 569 4108 πρταμοῖς
596 3983 680 4056 δὲ
658 3984 725 4059 από
752 4017 815 4058 των
836 3985 1005 4081 όρκτικῶν,
1028 3992 1133 4081 ζητεῖ,
1154 3991 1228 4067 πῶς
1248 4015 1280 4057 οι
1270 3985 1421 4073 ιμοταξό
1442 3981 1540 4057 τόποι

406 4085 447 4159 ου’
470 4093 735 4213 κατομβροῦνται.
763 4087 846 4163 Οἷίτε
870 4120 931 4185 γαρ
958 4087 978 4183 ἦ
1003 4093 1243 4215 Θηβαίςμέχρι
1266 4085 1384 4181 Συήνης
1404 4094 1538 4160 καὶτῶν
1609 4161 1610 4164 ,

406 4189 498 4282 ε’γγιίς
518 4186 670 4285 Μερόης,
694 4188 769 4265 οίίττ
790 4200 848 4286 τῆς
868 4190 1045 4285 ’[υόαιῆςτσῖ
1061 4191 1128 4265 από
1144 4198 1202 4286 τῆς
1219 4194 1484 4320 Πατταληνης’
1445 4220 1541 4285 μεχρι
1609 4199 1610 4220 ’

404 4322 463 4365 του
490 4290 661 4367 Ὺόόσπου.
697 4292 857 4389 Τηνό
837 4300 922 4391 υπὲρ
949 4304 1050 4369 ταῦτα
1076 4326 1118 4365 τα
1146 4300 1230 4389 μέρη
1252 4291 1370 4389 χαίραν,
1391 4298 1424 4366 ἐν
1445 4326 1466 4388 η
1451 4291 1541 4364 καί

331 4392 529 4518 ὄμβροι
553 4403 608 4469 καί
632 4427 772 4494 νιφετοι,
799 4399 1089 4529 παραπλησίως’
1060 4428 1132 4494 ιφη
1158 4408 1377 4493 γεωργεῖσθαι
1396 4397 1437 4522 τη
1423 4392 1542 4489 ἄλλη

407 4504 449 4590 τῇ
479 4500 540 4584 ἔξω
567 4530 626 4594 της
652 4497 786 4596 Ἰνδικῆς
810 4504 917 4597 χαίρρ
943 4506 1144 4587 ποτίζεσθαι
1168 4529 1229 4597 γαρ
1261 4505 1296 4573 ἐκ
1321 4531 1386 4572 των
1411 4498 1543 4629 ὄμβρων

408 4604 463 4669 καί
482 4608 545 4672 των
566 4602 686 4693 χιόνων.
708 4605 804 4687 Εἰκὸς
826 4603 857 4677 ό
878 4604 928 4685 οἷς
943 4614 1067 4699 εἴρηκεν
1085 4633 1193 4692 ουτος,
1210 4610 1265 4675 καί
1280 4601 1445 4677 εόσειστον
1462 4598 1545 4672 εἶναι

400 4701 456 4796 την
477 4708 543 4795 γῆν,
573 4714 786 4803 χαυνουμένην
801 4707 940 4803 ὑπὸτῆς
955 4713 1078 4802 πολλῆς
1096 4705 1270 4803 ὑγρασίας,
1288 4707 1344 4781 καί
1360 4701 1544 4802 ἕνρὴγματα
