<?xml version="1.0" encoding="UTF-8"?>
<!DOCTYPE html PUBLIC "-//W3C//DTD XHTML 1.0 Transitional//EN"
    "http://www.w3.org/TR/xhtml1/DTD/xhtml1-transitional.dtd">
<html xmlns="http://www.w3.org/1999/xhtml" xml:lang="en" lang="en">
 <head>
  <title>
</title>
<meta http-equiv="Content-Type" content="text/html;charset=utf-8" />
  <meta name='ocr-system' content='tesseract 3.04.00' />
  <meta name='ocr-capabilities' content='ocr_page ocr_carea ocr_par ocr_line ocrx_word'/>
</head>
<body>
  <div class='ocr_page' id='page_1' title='image "./ptolemaeieordae00chargoog_0024.png"; bbox 0 0 3617 5892; ppageno 0'>
   <div class='ocr_carea' id='block_1_1' title="bbox 409 2471 1613 4283">
    <p class='ocr_par' dir='ltr' id='par_1_1' title="bbox 426 2471 1613 2930">
     <span class='ocr_line' id='line_1_1' title="bbox 428 2471 1545 2572; baseline -0.009 -21"><span class='ocrx_word' id='word_1_1' title='bbox 428 2482 628 2572; x_wconf 85' lang='lat' dir='ltr'><strong>conjectura</strong></span> <span class='ocrx_word' id='word_1_2' title='bbox 652 2496 810 2545; x_wconf 83' lang='lat' dir='ltr'><strong>revocare</strong></span> <span class='ocrx_word' id='word_1_3' title='bbox 835 2475 913 2567; x_wconf 88' lang='lat' dir='ltr'><strong>jam</strong></span> <span class='ocrx_word' id='word_1_4' title='bbox 941 2495 1014 2544; x_wconf 92' lang='lat' dir='ltr'><strong>non</strong></span> <span class='ocrx_word' id='word_1_5' title='bbox 1041 2474 1134 2544; x_wconf 89' lang='lat' dir='ltr'><strong>licet.</strong></span> <span class='ocrx_word' id='word_1_6' title='bbox 1160 2471 1295 2565; x_wconf 82' lang='lat' dir='ltr'><strong>Quare,</strong></span> <span class='ocrx_word' id='word_1_7' title='bbox 1321 2472 1470 2542; x_wconf 87' lang='lat' dir='ltr'><strong>lacunae</strong></span> <span class='ocrx_word' id='word_1_8' title='bbox 1498 2474 1545 2541; x_wconf 89' lang='lat' dir='ltr'><strong>si-</strong></span> 
     </span>
     <span class='ocr_line' id='line_1_2' title="bbox 427 2594 1548 2702; baseline -0.007 -28"><span class='ocrx_word' id='word_1_9' title='bbox 427 2607 506 2702; x_wconf 75' lang='lat' dir='ltr'><strong>gnis</strong></span> <span class='ocrx_word' id='word_1_10' title='bbox 518 2602 663 2696; x_wconf 87' lang='lat' dir='ltr'><strong>positis,</strong></span> <span class='ocrx_word' id='word_1_11' title='bbox 695 2598 783 2669; x_wconf 84' lang='lat' dir='ltr'><strong>hacc</strong></span> <span class='ocrx_word' id='word_1_12' title='bbox 799 2599 916 2693; x_wconf 76' lang='lat' dir='ltr'><strong>glossa</strong></span> <span class='ocrx_word' id='word_1_13' title='bbox 938 2600 987 2667; x_wconf 84' lang='lat' dir='ltr'><strong>ita</strong></span> <span class='ocrx_word' id='word_1_14' title='bbox 1013 2596 1260 2668; x_wconf 86' lang='lat' dir='ltr'><strong>constituenda</strong></span> <span class='ocrx_word' id='word_1_15' title='bbox 1281 2596 1420 2668; x_wconf 84' lang='lat' dir='ltr'><strong>videtur</strong></span> <span class='ocrx_word' id='word_1_16' title='bbox 1445 2624 1452 2664; x_wconf 75' lang='grc' dir='ltr'>ε</span> <span class='ocrx_word' id='word_1_17' title='bbox 1480 2594 1548 2666; x_wconf 77' lang='grc' dir='ltr'><em>κατ’</em></span> 
     </span>
     <span class='ocr_line' id='line_1_3' title="bbox 426 2712 1547 2817; baseline -0.008 -22"><span class='ocrx_word' id='word_1_18' title='bbox 426 2726 575 2817; x_wconf 73' lang='grc' dir='ltr'><strong>ἀρίστην,</strong></span> <span class='ocrx_word' id='word_1_19' title='bbox 603 2715 717 2815; x_wconf 66' lang='grc' dir='ltr'><strong><em>ὀρθήν.</em></strong></span> <span class='ocrx_word' id='word_1_20' title='bbox 742 2724 873 2813; x_wconf 79' lang='grc' dir='ltr'><strong><em>Δοῦρις.</em></strong></span> <span class='ocrx_word' id='word_1_21' title='bbox 899 2716 955 2812; x_wconf 73' lang='grc' dir='ltr'><strong>τήν</strong></span> <span class='ocrx_word' id='word_1_22' title='bbox 965 2771 1052 2788; x_wconf 86' lang='grc'><strong>.....</strong></span> <span class='ocrx_word' id='word_1_23' title='bbox 1079 2713 1170 2809; x_wconf 72' lang='grc' dir='ltr'><em>παρὰ</em></span> <span class='ocrx_word' id='word_1_24' title='bbox 1196 2712 1390 2806; x_wconf 73' lang='grc' dir='ltr'><strong><em>Καλλιμάχῳ</em></strong></span> <span class='ocrx_word' id='word_1_25' title='bbox 1416 2715 1472 2808; x_wconf 74' lang='grc' dir='ltr'><strong>τὴν</strong></span> <span class='ocrx_word' id='word_1_26' title='bbox 1491 2714 1547 2804; x_wconf 80' lang='grc' dir='ltr'><strong>χά-</strong></span> 
     </span>
     <span class='ocr_line' id='line_1_4' title="bbox 427 2848 1613 2930; baseline -0.005 -13"><span class='ocrx_word' id='word_1_27' title='bbox 427 2848 558 2930; x_wconf 61' lang='grc' dir='ltr'><strong><em>Μζαν.»</em></strong></span> <span class='ocrx_word' id='word_1_28' title='bbox 710 2918 715 2927; x_wconf 61' lang='grc'>,</span> <span class='ocrx_word' id='word_1_29' title='bbox 1612 2848 1613 2855; x_wconf 29' lang='lat'>¹</span> 
     </span>
    </p>

    <p class='ocr_par' dir='ltr' id='par_1_2' title="bbox 428 2966 1553 4061">
     <span class='ocr_line' id='line_1_5' title="bbox 476 2966 1549 3065; baseline -0.001 -26"><span class='ocrx_word' id='word_1_30' title='bbox 476 2970 574 3039; x_wconf 83' lang='lat' dir='ltr'><strong>Haec</strong></span> <span class='ocrx_word' id='word_1_31' title='bbox 593 2968 674 3049; x_wconf 87' lang='lat' dir='ltr'><strong>ille,</strong></span> <span class='ocrx_word' id='word_1_32' title='bbox 695 2968 825 3061; x_wconf 89' lang='lat' dir='ltr'><strong>quibus</strong></span> <span class='ocrx_word' id='word_1_33' title='bbox 839 2968 1037 3040; x_wconf 80' lang='lat' dir='ltr'><strong>indicandis</strong></span> <span class='ocrx_word' id='word_1_34' title='bbox 1054 2991 1095 3040; x_wconf 92' lang='lat' dir='ltr'><strong>eo</strong></span> <span class='ocrx_word' id='word_1_35' title='bbox 1107 2966 1196 3039; x_wconf 85' lang='lat' dir='ltr'><strong>mihi</strong></span> <span class='ocrx_word' id='word_1_36' title='bbox 1207 2969 1289 3065; x_wconf 81' lang='lat' dir='ltr'><strong>fecit</strong></span> <span class='ocrx_word' id='word_1_37' title='bbox 1302 2972 1454 3064; x_wconf 83' lang='lat' dir='ltr'><strong>gratius,</strong></span> <span class='ocrx_word' id='word_1_38' title='bbox 1475 2990 1549 3062; x_wconf 91' lang='lat' dir='ltr'><strong>quo</strong></span> 
     </span>
     <span class='ocr_line' id='line_1_6' title="bbox 428 3082 1550 3191; baseline 0 -28"><span class='ocrx_word' id='word_1_39' title='bbox 428 3096 540 3189; x_wconf 75' lang='lat' dir='ltr'><strong>magis</strong></span> <span class='ocrx_word' id='word_1_40' title='bbox 569 3094 851 3186; x_wconf 78' lang='lat' dir='ltr'><strong>corruptissimus</strong></span> <span class='ocrx_word' id='word_1_41' title='bbox 877 3094 942 3163; x_wconf 87' lang='lat' dir='ltr'><strong>ille</strong></span> <span class='ocrx_word' id='word_1_42' title='bbox 971 3082 1139 3191; x_wconf 74' lang='lat' dir='ltr'><strong>Hesychii</strong></span> <span class='ocrx_word' id='word_1_43' title='bbox 1157 3093 1269 3163; x_wconf 78' lang='lat' dir='ltr'><strong>docus</strong></span> <span class='ocrx_word' id='word_1_44' title='bbox 1301 3117 1415 3175; x_wconf 89' lang='lat' dir='ltr'><strong>meos,</strong></span> <span class='ocrx_word' id='word_1_45' title='bbox 1436 3094 1550 3163; x_wconf 86' lang='lat' dir='ltr'><strong>tribus</strong></span> 
     </span>
     <span class='ocr_line' id='line_1_7' title="bbox 429 3206 1549 3314; baseline -0.002 -25"><span class='ocrx_word' id='word_1_46' title='bbox 429 3215 558 3289; x_wconf 79' lang='lat' dir='ltr'><strong>abhinc</strong></span> <span class='ocrx_word' id='word_1_47' title='bbox 577 3219 679 3287; x_wconf 86' lang='lat' dir='ltr'><strong>annis</strong></span> <span class='ocrx_word' id='word_1_48' title='bbox 691 3216 834 3287; x_wconf 88' lang='lat' dir='ltr'><strong>Duridis</strong></span> <span class='ocrx_word' id='word_1_49' title='bbox 851 3216 1034 3313; x_wconf 80' lang='lat' dir='ltr'><strong>Reliquias</strong></span> <span class='ocrx_word' id='word_1_50' title='bbox 1047 3206 1265 3314; x_wconf 75' lang='lat' dir='ltr'><strong>colligentis,</strong></span> <span class='ocrx_word' id='word_1_51' title='bbox 1293 3220 1399 3311; x_wconf 84' lang='lat' dir='ltr'><strong>plane</strong></span> <span class='ocrx_word' id='word_1_52' title='bbox 1411 3220 1549 3314; x_wconf 77' lang='lat' dir='ltr'><strong>fugerat</strong></span> 
     </span>
     <span class='ocr_line' id='line_1_8' title="bbox 429 3340 1550 3437; baseline -0.004 -23"><span class='ocrx_word' id='word_1_53' title='bbox 429 3342 559 3414; x_wconf 88' lang='lat' dir='ltr'><strong>oculos.</strong></span> <span class='ocrx_word' id='word_1_54' title='bbox 587 3340 638 3411; x_wconf 89' lang='lat' dir='ltr'><strong>Te</strong></span> <span class='ocrx_word' id='word_1_55' title='bbox 658 3353 796 3424; x_wconf 87' lang='lat' dir='ltr'><strong>autem,</strong></span> <span class='ocrx_word' id='word_1_56' title='bbox 822 3344 876 3412; x_wconf 85' lang='lat' dir='ltr'><strong>vir</strong></span> <span class='ocrx_word' id='word_1_57' title='bbox 888 3343 1115 3424; x_wconf 85' lang='lat' dir='ltr'><strong>amicissime,</strong></span> <span class='ocrx_word' id='word_1_58' title='bbox 1140 3344 1197 3412; x_wconf 92' lang='lat' dir='ltr'><strong>cui</strong></span> <span class='ocrx_word' id='word_1_59' title='bbox 1208 3340 1301 3412; x_wconf 88' lang='lat' dir='ltr'><strong>nihil</strong></span> <span class='ocrx_word' id='word_1_60' title='bbox 1316 3352 1390 3413; x_wconf 85' lang='lat' dir='ltr'><strong>tam</strong></span> <span class='ocrx_word' id='word_1_61' title='bbox 1404 3364 1550 3437; x_wconf 85' lang='lat' dir='ltr'><strong>parrum</strong></span> 
     </span>
     <span class='ocr_line' id='line_1_9' title="bbox 429 3464 1551 3560; baseline -0.003 -23"><span class='ocrx_word' id='word_1_62' title='bbox 429 3465 540 3537; x_wconf 87' lang='lat' dir='ltr'><strong>videri</strong></span> <span class='ocrx_word' id='word_1_63' title='bbox 561 3469 598 3536; x_wconf 93' lang='lat' dir='ltr'><strong>in</strong></span> <span class='ocrx_word' id='word_1_64' title='bbox 613 3464 669 3535; x_wconf 90' lang='lat' dir='ltr'><strong>his</strong></span> <span class='ocrx_word' id='word_1_65' title='bbox 688 3466 802 3537; x_wconf 84' lang='lat' dir='ltr'><strong>literis</strong></span> <span class='ocrx_word' id='word_1_66' title='bbox 815 3467 924 3548; x_wconf 91' lang='lat' dir='ltr'><strong>solet,</strong></span> <span class='ocrx_word' id='word_1_67' title='bbox 953 3466 1048 3560; x_wconf 90' lang='lat' dir='ltr'><strong>quod</strong></span> <span class='ocrx_word' id='word_1_68' title='bbox 1068 3490 1141 3537; x_wconf 90' lang='lat' dir='ltr'><strong>non</strong></span> <span class='ocrx_word' id='word_1_69' title='bbox 1159 3464 1285 3560; x_wconf 87' lang='lat' dir='ltr'><strong>cupide</strong></span> <span class='ocrx_word' id='word_1_70' title='bbox 1302 3468 1338 3536; x_wconf 91' lang='lat' dir='ltr'><strong>in</strong></span> <span class='ocrx_word' id='word_1_71' title='bbox 1357 3466 1455 3536; x_wconf 89' lang='lat' dir='ltr'><strong>lucro</strong></span> <span class='ocrx_word' id='word_1_72' title='bbox 1477 3488 1551 3537; x_wconf 89' lang='lat' dir='ltr'><strong>esse</strong></span> 
     </span>
     <span class='ocr_line' id='line_1_10' title="bbox 430 3588 1551 3684; baseline 0 -25"><span class='ocrx_word' id='word_1_73' title='bbox 430 3590 595 3684; x_wconf 78' lang='lat' dir='ltr'><strong>deputes,</strong></span> <span class='ocrx_word' id='word_1_74' title='bbox 632 3589 780 3660; x_wconf 81' lang='lat' dir='ltr'><strong>Beckeri</strong></span> <span class='ocrx_word' id='word_1_75' title='bbox 810 3588 998 3662; x_wconf 85' lang='lat' dir='ltr'><strong>inventurn</strong></span> <span class='ocrx_word' id='word_1_76' title='bbox 1033 3590 1167 3661; x_wconf 86' lang='lat' dir='ltr'><strong>diutius</strong></span> <span class='ocrx_word' id='word_1_77' title='bbox 1197 3592 1310 3661; x_wconf 87' lang='lat' dir='ltr'><strong>celare</strong></span> <span class='ocrx_word' id='word_1_78' title='bbox 1331 3590 1452 3672; x_wconf 88' lang='lat' dir='ltr'><strong>nolui,</strong></span> <span class='ocrx_word' id='word_1_79' title='bbox 1479 3612 1551 3660; x_wconf 91' lang='lat' dir='ltr'><strong>non</strong></span> 
     </span>
     <span class='ocr_line' id='line_1_11' title="bbox 431 3712 1553 3812; baseline 0 -29"><span class='ocrx_word' id='word_1_80' title='bbox 431 3712 613 3796; x_wconf 86' lang='lat' dir='ltr'><strong>dubitans,</strong></span> <span class='ocrx_word' id='word_1_81' title='bbox 641 3716 730 3807; x_wconf 89' lang='lat' dir='ltr'><strong>quin</strong></span> <span class='ocrx_word' id='word_1_82' title='bbox 752 3714 846 3786; x_wconf 91' lang='lat' dir='ltr'><strong>illud</strong></span> <span class='ocrx_word' id='word_1_83' title='bbox 863 3718 894 3785; x_wconf 88' lang='lat' dir='ltr'><strong>si</strong></span> <span class='ocrx_word' id='word_1_84' title='bbox 916 3738 987 3786; x_wconf 91' lang='lat' dir='ltr'><strong>non</strong></span> <span class='ocrx_word' id='word_1_85' title='bbox 1010 3718 1164 3786; x_wconf 50' lang='lat' dir='ltr'><strong>omnino¹</strong></span> <span class='ocrx_word' id='word_1_86' title='bbox 1178 3716 1322 3808; x_wconf 88' lang='lat' dir='ltr'><strong>probes,</strong></span> <span class='ocrx_word' id='word_1_87' title='bbox 1350 3716 1553 3812; x_wconf 77' lang='lat' dir='ltr'><strong>cognovisse</strong></span> 
     </span>
     <span class='ocr_line' id='line_1_12' title="bbox 431 3836 1553 3936; baseline -0.002 -27"><span class='ocrx_word' id='word_1_88' title='bbox 431 3851 551 3909; x_wconf 87' lang='lat' dir='ltr'><strong>tamen</strong></span> <span class='ocrx_word' id='word_1_89' title='bbox 582 3837 775 3908; x_wconf 86' lang='lat' dir='ltr'><strong>admodum</strong></span> <span class='ocrx_word' id='word_1_90' title='bbox 805 3841 969 3936; x_wconf 74' lang='lat' dir='ltr'><strong>gaudeus.</strong></span> <span class='ocrx_word' id='word_1_91' title='bbox 1005 3838 1086 3929; x_wconf 82' lang='lat' dir='ltr'><strong>Iam</strong></span> <span class='ocrx_word' id='word_1_92' title='bbox 1111 3862 1192 3910; x_wconf 87' lang='lat' dir='ltr'><strong>vero</strong></span> <span class='ocrx_word' id='word_1_93' title='bbox 1212 3836 1313 3920; x_wconf 81' lang='lat' dir='ltr'><strong>vale,</strong></span> <span class='ocrx_word' id='word_1_94' title='bbox 1341 3862 1484 3933; x_wconf 86' lang='lat' dir='ltr'><strong>meque,</strong></span> <span class='ocrx_word' id='word_1_95' title='bbox 1511 3851 1553 3907; x_wconf 91' lang='lat' dir='ltr'><strong>ut</strong></span> 
     </span>
     <span class='ocr_line' id='line_1_13' title="bbox 432 3985 833 4061; baseline 0 -29"><span class='ocrx_word' id='word_1_96' title='bbox 432 3985 550 4044; x_wconf 85' lang='lat' dir='ltr'><strong>amas,</strong></span> <span class='ocrx_word' id='word_1_97' title='bbox 576 3986 695 4033; x_wconf 87' lang='lat' dir='ltr'><strong>amare</strong></span> <span class='ocrx_word' id='word_1_98' title='bbox 719 3988 833 4061; x_wconf 76' lang='lat' dir='ltr'><strong>perge.</strong></span> 
     </span>
    </p>

    <p class='ocr_par' dir='ltr' id='par_1_3' title="bbox 409 4085 1552 4283">
     <span class='ocr_line' id='line_1_14' title="bbox 482 4085 1552 4181; baseline -0.006 -23"><span class='ocrx_word' id='word_1_99' title='bbox 482 4088 683 4173; x_wconf 74' lang='lat' dir='ltr'><strong>scribebam</strong></span> <span class='ocrx_word' id='word_1_100' title='bbox 705 4088 858 4181; x_wconf 86' lang='lat' dir='ltr'><strong>Trajeoti</strong></span> <span class='ocrx_word' id='word_1_101' title='bbox 884 4090 929 4159; x_wconf 84' lang='lat' dir='ltr'><strong>ad</strong></span> <span class='ocrx_word' id='word_1_102' title='bbox 951 4090 1085 4171; x_wconf 81' lang='lat' dir='ltr'><strong>Mosam</strong></span> <span class='ocrx_word' id='word_1_103' title='bbox 1108 4113 1137 4157; x_wconf 88' lang='lat' dir='ltr'><strong>a.</strong></span> <span class='ocrx_word' id='word_1_104' title='bbox 1159 4090 1192 4158; x_wconf 91' lang='lat' dir='ltr'><strong>d.</strong></span> <span class='ocrx_word' id='word_1_105' title='bbox 1217 4088 1248 4159; x_wconf 87' lang='lat' dir='ltr'>X</span> <span class='ocrx_word' id='word_1_106' title='bbox 1272 4088 1350 4157; x_wconf 86' lang='lat' dir='ltr'><strong>Kal.</strong></span> <span class='ocrx_word' id='word_1_107' title='bbox 1376 4085 1498 4179; x_wconf 86' lang='lat' dir='ltr'><strong>Quint.</strong></span> <span class='ocrx_word' id='word_1_108' title='bbox 1521 4110 1552 4153; x_wconf 90' lang='lat' dir='ltr'><strong>a.</strong></span> 
     </span>
     <span class='ocr_line' id='line_1_15' title="bbox 409 4191 1216 4283; baseline -0.002 -3"><span class='ocrx_word' id='word_1_109' title='bbox 409 4191 720 4283; x_wconf 72' lang='lat' dir='ltr'><strong>&#39;uncocxrru</strong></span> <span class='ocrx_word' id='word_1_110' title='bbox 1212 4230 1216 4236; x_wconf 94' lang='lat'>·</span> 
     </span>
    </p>
   </div>
   <div class='ocr_carea' id='block_1_2' title="bbox 917 4504 1069 4513">
    <p class='ocr_par' dir='ltr' id='par_1_4' title="bbox 917 4504 1069 4513">
     <span class='ocr_line' id='line_1_16' title="bbox 917 4504 1069 4513; baseline 0.013 -1"><span class='ocrx_word' id='word_1_111' title='bbox 917 4504 1069 4513; x_wconf 58' lang='lat' dir='ltr'><strong>-n—-n—</strong></span> 
     </span>
    </p>
   </div>
   <div class='ocr_carea' id='block_1_3' title="bbox 0 0 1838 5892">
    <p class='ocr_par' dir='ltr' id='par_1_5' title="bbox 0 0 1838 5892">
     <span class='ocr_line' id='line_1_17' title="bbox 0 0 1838 5892; baseline 0 0"><span class='ocrx_word' id='word_1_112' title='bbox 0 0 1838 5892; x_wconf 95' lang='lat' dir='ltr'><strong> </strong></span> 
     </span>
    </p>
   </div>
  </div>
 </body>
</html>
