3617 5892
953 724 1014 786 166

423 915 591 995 reposcunt
617 927 635 968 a
661 899 797 966 librariis
815 897 964 961 omissum
983 903 1053 979 post
1068 891 1215 978 copulam
1230 888 1267 956 ss*
1290 891 1455 956 numerale
1474 886 1544 954 δύο.

422 1010 609 1080 Plutarchus
632 1008 730 1073 Oret
759 1002 799 1068 da
831 999 928 1066 Alsa.
956 1000 981 1066 1.
1009 1002 1027 1062 7
1057 988 1169 1062 ἔκαιον
1193 998 1287 1062 luisse
1305 999 1422 1076 refert,
1440 995 1554 1060 sed
1521 1016 1545 1056 rs

422 1121 580 1186 rhetorem
595 1116 673 1202 agit.

461 1211 500 1311 ἦν
522 1213 603 1286 ele
632 1208 727 1290 οἶνος.
748 1215 795 1278 lle
813 1215 884 1278 loco
904 1211 1060 1288 conririi,
1081 1206 1176 1295 σκηνῇ
1194 1198 1395 1294 χρυσορόφφ
1418 1208 1545 1272 ἀίοισα

419 1325 612 1403 Plutarcho,
640 1321 725 1388 conl.
751 1317 921 1404 Phylarchi
948 1317 1162 1402 fragmentum
1194 1334 1247 1396 ap.
1273 1311 1385 1378 Athen.
1413 1315 1438 1380 l.
1467 1315 1492 1380 l.
1514 1335 1542 1396 p.

420 1439 484 1502 669
502 1433 547 1510 n
568 1449 664 1518 quem
683 1427 767 1492 idem
782 1423 964 1489 aedilicium
983 1421 1137 1506 cogitasse
1157 1429 1244 1482 recte
1264 1417 1370 1482 effecit
1384 1419 1561 1506 Droysen.'

419 1565 451 1628 p.
478 1540 553 1603 teo.
580 1535 746 1613 Aelianus,
771 1531 881 1617 paneis
913 1527 1058 1606 mutatis,
1084 1524 1204 1590 omissis
1227 1523 1317 1603 aliis,
1337 1524 1542 1589 Athenaeum

417 1647 489 1710 satis
512 1660 616 1730 presse
635 1640 791 1727 sequitur.

459 1743 580 1833 ἐγένετο
603 1741 641 1810 el
657 1766 700 1808 σα
688 1739 831 1807 delore
851 1729 938 1828 πρὸς
957 1728 1127 1820 σάλπιγγα.
1152 1676 1322 1800 Aelianus:
1339 1731 1435 1800 Kal’
1418 1731 1540 1819 εγένειο
1617 1733 1618 1742 ³

415 1875 456 1915 τα
447 1845 585 1916 δεῖπνα
597 1833 893 1934 προσαλπιστα,
916 1841 1001 1928 quod
1017 1841 1209 1916 vocabulum
1223 1852 1373 1927 tanquam
1385 1842 1539 1928 elegantis

416 1953 652 2041 significationis
668 1953 769 2016 tuitus
780 1948 1036 2025 estPeriannius;
1056 1944 1184 2010 sednon
1197 1947 1378 2031 persuadet.
1400 1947 1538 2012 Omnino

417 2073 478 2124 tam
505 2071 591 2124 certa
618 2067 691 2122 sunt
719 2057 752 2118 in
779 2054 911 2119 Aeliano
938 2053 1121 2150 imitationis
1151 2051 1286 2130 indicia,
1306 2065 1342 2117 nt
1358 2053 1535 2118 inauditum

417 2167 546 2231 verbum
574 2164 607 2230 h.
637 2165 658 2229 Ι.
687 2161 810 2225 admitti
834 2179 895 2222 non
921 2168 1075 2243 oporteat.
1099 2157 1211 2240 Quid?
1229 2157 1314 2245 qnod
1335 2157 1531 2223 scribendum
1618 2229 1619 2252 χ

415 2273 524 2336 inisset
550 2259 809 2355 πρόσσαλπισια.
842 2263 890 2328 Tu
920 2285 994 2328 vero
1023 2265 1154 2328 restitue
1182 2285 1217 2328 er
1243 2264 1404 2329 Athenaeo
1426 2258 1533 2350 επρὸς
1618 2259 1619 2262 ’

414 2366 583 2461 σάλπιγγα.
612 2373 758 2438 Ceterum
786 2391 804 2432 a
827 2363 1001 2434 Plutarcho
1025 2369 1190 2433 inducitur
1214 2370 1414 2449 Alexander,
1441 2359 1533 2440 ariade
1618 2361 1619 2366 ¹

413 2471 687 2565 ἐστεφανωμένος,
710 2471 843 2560 πρῶτος
863 2465 1053 2554 ἀναμέλπων
1064 2465 1120 2538 τόν
1134 2465 1295 2556 ὑμέναιον,
1317 2466 1432 2560 ὥσπερ
1442 2472 1531 2561 φιλο·

412 2569 522 2668 σὴσιον
541 2569 670 2664 ἐπᾴδων
689 2574 797 2659 μέλος.
819 2574 888 2642 Alia
910 2577 950 2642 de
972 2577 1032 2642 hoc
1051 2577 1131 2641 leslo
1149 2577 1236 2664 legas
1256 2599 1307 2662 ap.
1327 2579 1452 2643 Arrian.
1469 2579 1491 2644 l.
1508 2579 1529 2641 l.

412 2689 534 2771 lsqq„
552 2685 614 2749 alia
630 2705 739 2748 rursus
758 2705 808 2768 ap.
829 2682 994 2753 Plutarch.
1014 2681 1052 2750 V
1051 2686 1092 2748 it.
1106 2681 1202 2748 Aloe.
1222 2684 1315 2761 Lxx,
1335 2704 1352 2748 e
1372 2684 1531 2770 qnofonte
1618 2705 1619 2736 l

412 2789 548 2856 deducta
569 2799 643 2854 sunt
659 2810 743 2875 quae
765 2799 869 2853 narrat
889 2788 1250 2856 ZonarasAnrrol.1V.
1272 2791 1325 2856 14.

452 2892 697 2977 θαυματοποιοὶ
716 2892 762 2959 el.
779 2896 970 2959 Particulam
984 2893 1021 2961 el
1029 2895 1099 2978 jure
1113 2893 1243 2959 retinuit
1255 2895 1527 2981 Schweighaeuse-

413 3020 484 3073 rns,
505 3019 699 3084 quamquam
716 2999 883 3084 ignoratur
901 3001 1070 3080 ambobus,
1089 3022 1169 3086 qnos
1188 2987 1337 3078 contulit,
1356 3001 1442 3063 libris
1454 3021 1523 3064 mss.

410 3101 566 3181 Eandem,
595 3104 725 3184 opinor,
747 3103 815 3183 jam
846 3107 965 3190 reperit
989 3106 1134 3168 omissam
1163 3106 1329 3187 Aelianns3
1349 3105 1433 3170 unde
1454 3127 1528 3191 prae

409 3206 604 3294 negligentia
621 3205 699 3270 mire
721 3205 837 3287 lalana,
856 3221 961 3294 spreta
971 3211 1090 3292 majore
1105 3209 1309 3277 distinctione
1320 3223 1390 3298 post
1401 3201 1526 3296 λνδοιῆς,

408 3336 473 3379 uno
494 3314 573 3400 legit
590 3322 717 3376 tenore:
741 3307 805 3376 Kal
826 3309 858 3377 οἱ
879 3303 948 3378 sind
968 3313 1026 3400 τῆς
1048 3307 1172 3401 'Indaeis
1192 3313 1435 3399 θαυματοποιοὶ
1450 3301 1526 3399 ἦσαν

408 3416 657 3505 διαπρέποντες,
687 3438 770 3504 quae
797 3418 989 3482 verbotenus
1010 3418 1076 3482 lero
1100 3418 1255 3500 reddidit,
1276 3420 1394 3485 addens
1414 3419 1525 3507 quihus
1619 3441 1620 3492 1

408 3521 644 3587 commendaret
671 3522 807 3587 Indicos
822 3523 894 3586 illos
914 3524 1121 3587 circulatores
1143 3546 1150 3587 ι
1171 3522 1224 3588 καὶ
1246 3519 1360 3603 ἔδοξαν
1381 3522 1419 3590 δὲ
1439 3515 1527 3588 αὐτοὶ

406 3629 533 3712 κρατεῖν
550 3628 614 3691 τῶν
634 3618 740 3691 ἄλλων
755 3628 817 3691 τῶν
827 3616 1017 3709 ἀλλαχόθεν.
1039 3625 1136 3692 Iidem
1154 3623 1278 3706 ε”νιλοξοι
1295 3617 1375 3714 παρ’
1389 3617 1525 3704 Ἀλεξάν-

406 3727 475 3814 δρῳ
505 3729 751 3809 θαυματοποιοὶ
775 3733 891 3795 iterum
911 3747 1117 3799 recensentur
1134 3757 1182 3820 ap.
1204 3733 1315 3797 Athen.
1335 3733 1398 3818 lp.
1420 3735 1463 3795 20
1481 3733 1524 3808 A,

267 3843 273 3862 ¹
406 3855 424 3896 e
443 3854 508 3919 quo
526 3833 629 3898 hausit
645 3836 825 3901 Eustathius
841 3836 880 3901 ad
899 3837 1014 3922 Odyrs.
1033 3843 1065 3903 A
1078 3863 1110 3925 p.
1136 3843 1234 3905 1503.

449 3938 728 4026 ψιλοκιθαρισταὶ.
760 3944 880 4006 Horum
910 3946 1154 4031 Aristorrymes
1175 3959 1326 4032 tanquam
1344 3945 1521 4030 griphorum

403 4045 515 4110 artilex
539 4045 745 4129 peritissimus
766 4059 960 4114 memoratur
980 4051 1020 4114 ab
1037 4051 1199 4116 Athenaeo
1211 4052 1240 4114 X
1251 4071 1281 4134 p.
1295 4051 1359 4113 452
1373 4051 1415 4126 F,
1433 4069 1519 4136 quem

403 4171 477 4214 cnm
496 4150 694 4236 Aristonymo
714 4153 882 4226 comoedo,
902 4155 1118 4241 Aristophanis
1130 4158 1270 4243 aequali,
1292 4156 1521 4221 conluditllar-

403 4257 458 4321 les.
478 4255 518 4319 ad
538 4255 660 4322 Fabric.
678 4253 721 4322 B.
740 4255 780 4326 G.
802 4259 833 4322 11
849 4281 881 4344 p.
893 4262 974 4338 286,
992 4274 1028 4325 nt
1040 4263 1107 4345 jam
1123 4262 1344 4327 animadvertit
1353 4260 1522 4326 Meinehius

402 4360 492 4427 Hire.
515 4364 596 4428 crit.
621 4385 702 4430 com.
722 4361 837 4428 Graec.
858 4387 890 4451 p.
918 4368 991 4435 196.

347 4489 353 4500 ’
444 4457 588 4552 αὐληταί.
618 4469 683 4556 Qui
704 4472 824 4555 primus
847 4473 1027 4537 nominatur
1050 4473 1261 4555 Timotheus,
1283 4497 1356 4539 eum
1378 4497 1441 4538 non
1462 4493 1522 4534 esse

401 4571 562 4637 celebrem
580 4575 673 4640 illum
693 4578 868 4658 Milesium,
897 4578 1087 4644 Thersandri
1108 4580 1227 4661 lilium,
1247 4581 1450 4646 manifestum
1466 4590 1519 4642 ert.

398 4676 459 4741 Hic
474 4679 574 4757 enim,
594 4681 755 4767 Euripidis
766 4683 834 4765 jam
854 4684 1017 4770 aequalis,
1037 4686 1071 4748 in
1092 4685 1272 4751 Macedonia
1290 4685 1370 4751 obiit
1385 4696 1521 4768 tempore

400 4783 537 4868 Philippi
559 4807 589 4850 a.
609 4789 685 4852 357.
712 4788 786 4855 Vid.
808 4790 894 4852 Bode
913 4789 1026 4855 Gesolr.
1052 4791 1084 4859 d.
1111 4791 1196 4855 Hall.
1219 4792 1361 4859 Dichtlr.
1387 4792 1517 4874 11.2p.
