3617 5892
815 738 855 799 75

275 912 368 978 lieth.
386 912 430 980 11.
455 912 525 997 2p.
555 915 575 977 3
597 907 697 998 sqq.),
720 932 738 975 a
763 930 814 973 me
841 910 972 997 quidem
996 932 1089 977 nemo
1119 915 1329 1000 exspectabit,
1357 927 1394 981 ut

271 1020 321 1083 rel
347 1019 504 1106 proferam
532 1036 612 1082 nera
640 1016 689 1080 rel
710 1014 767 1081 diu
793 1014 907 1081 iisdem
934 1016 1097 1086 immorer.
1137 1019 1295 1102 Quoniam
1318 1042 1393 1086 vero

270 1124 489 1203 Aristobulnnr
508 1121 711 1190 tractandum
732 1121 812 1187 mihi
832 1124 968 1209 sumpsi,
993 1124 1173 1211 principem
1190 1127 1395 1215 Sardanapali

270 1231 466 1295 monumenti
485 1240 669 1309 auctorem,
693 1228 802 1315 aliqua
819 1239 907 1295 certe
927 1228 1139 1313 explicatione
1157 1230 1212 1296 hic
1231 1254 1309 1318 opus
1327 1256 1395 1302 esse

270 1336 405 1404 ridetur.
435 1336 550 1423 Itaque
571 1345 643 1422 post
658 1334 815 1401 Naelsinm
830 1355 963 1414 moneo,
982 1333 1048 1400 dno
1067 1334 1143 1400 olim
1162 1337 1259 1402 inisse
1281 1338 1395 1405 Sarda-

268 1443 372 1529 napali
392 1452 615 1521 monumenta,
643 1440 799 1521 alterum,
831 1440 1034 1526 sepulcrum,
1064 1463 1128 1506 non
1153 1444 1267 1529 procul
1296 1445 1394 1526 Nino,

268 1570 369 1636 prope
382 1547 559 1615 Anchialen
577 1549 642 1613 sire
658 1545 851 1613 Anchialum
872 1545 1020 1613 alterum.
1043 1547 1217 1635 Utriusque
1230 1550 1396 1637 inscriptio

268 1655 456 1721 sententiam
481 1655 592 1721 retulit
610 1655 813 1742 aliquatenus
830 1652 984 1732 similem,
1013 1652 1069 1718 sed
1095 1654 1181 1719 ttinii
1202 1656 1398 1743 epigramma

268 1757 440 1827 Chaldaieo
457 1782 601 1827 sermone
616 1782 797 1847 expressum
815 1759 898 1839 fuir,
915 1749 1083 1825 Anchialei
1101 1750 1280 1848 Assyriaco.
1310 1763 1397 1830 illud

270 1888 309 1931 ex
328 1867 483 1955 Amyntae
509 1868 677 1949 Σταθμοῖς
704 1866 840 1932 servarit
865 1864 1047 1955 Athenaeus
1063 1865 1119 1932 XII
1135 1890 1168 1953 p.
1187 1870 1253 1934 520
1271 1870 1312 1950 1³,
1331 1874 1397 1937 500

236 2006 244 2019 ¹
269 1972 297 2038 Δ
317 1984 349 2038 et
365 1974 500 2039 metrice
520 1972 747 2057 interpretatus
771 1993 838 2037 esse
858 1972 961 2037 fertur
978 1971 1143 2038 Choerilus
1161 1974 1328 2058 Jassensis,
1353 1979 1399 2043 ita

266 2077 334 2143 iere
358 2070 406 2144 ut'
418 2078 538 2167 legitur
562 2088 630 2142 tum
658 2078 735 2144 alibi
755 2089 825 2144 turn
844 2077 932 2165 apud
949 2077 1066 2147 Athen.
1085 2078 1164 2148 VIII
1182 2103 1218 2165 p.
1237 2084 1302 2148 006
1318 2082 1351 2152 Δ,
1366 2094 1399 2148 et
1451 2167 1454 2175 Ι

208 2218 211 2225 ·
267 2184 373 2253 Strab.
393 2186 417 2253 I.
438 2184 474 2266 l.;
486 2182 542 2249 sed
553 2184 683 2265 Strabo,
701 2207 798 2273 quem
817 2185 964 2272 sequitur
982 2184 1161 2272 Stephanus
1177 2187 1255 2273 Byr.
1273 2209 1304 2255 r.
1321 2177 1400 2274 ’Ay-

265 2278 360 2377 χιάλη
387 2312 420 2376 p.
447 2291 509 2371 12,
537 2291 598 2369 20,
622 2291 825 2377 Assyriacnm
852 2303 885 2356 et
911 2291 1118 2364 Chaldaicum
1147 2292 1314 2381 deinceps,
1338 2314 1399 2359 nec

265 2392 437 2476 distincte,
465 2394 604 2464 exhibet.
635 2396 888 2462 Celebratissima
915 2419 991 2463 vero
1015 2409 1063 2463 est
1095 2399 1262 2466 Anchialei
1286 2422 1400 2466 mouu-

262 2502 363 2566 menti
380 2501 550 2587 inscriptio
568 2511 600 2565 et
618 2500 765 2583 plurimis
777 2501 986 2586 scriptoribus
997 2517 1149 2591 recepta,
1170 2528 1309 2594 quorum
1327 2529 1399 2572 rur·
1511 2515 1517 2525 '

260 2606 416 2673 suehand
434 2608 528 2695 pauci
540 2603 748 2672 Anchialeam
764 2629 822 2693 pro
838 2607 932 2673 Ninia
943 2606 1163 2691 venditarunt,
1178 2612 1309 2678 Suidam
1326 2612 1401 2678 dico

264 2732 295 2778 v.
308 2700 588 2800 Σαρδανάπαλους
603 2711 652 2778 ΙΙΙ
664 2736 696 2800 p.
711 2714 789 2793 287,
806 2713 957 2779 Photium
965 2736 999 2800 p.
1012 2718 1090 2796 500,
1105 2720 1157 2796 11,
1170 2716 1307 2804 Hesych.
1320 2717 1353 2782 ll
1366 2738 1400 2803 p.

270 2820 355 2883 1150
371 2814 436 2905 (ed.
452 2814 603 2906 hibera),
614 2819 762 2906 Apostel.
775 2820 880 2889 XVII.
900 2822 961 2900 26,
972 2818 1068 2889 huet.
1085 2824 1173 2910 App.
1190 2822 1313 2906 Prone.
1334 2820 1400 2912 (ed.

267 2922 404 2989 Leutsch
423 2935 455 2988 et
470 2921 637 3011 Schneid.)
658 2926 717 2995 1v.
728 2916 777 2992 Δ08
795 2948 827 3013 p.
849 2928 936 3004 450,
959 2928 1079 3015 quibus
1097 2928 1173 2995 addi
1188 2930 1288 3016 possit
1304 2927 1402 2995 Arse·

257 3029 336 3093 nius
353 3052 387 3116 p.
415 3031 481 3095 426
505 3052 554 3117 sq.
584 3030 723 3097 Naelrius
743 3056 775 3119 p.
797 3034 861 3099 207
885 3050 1135 3120 sqq..peracnte
1154 3035 1401 3123 quadruplicem

267 3136 483 3201 recensionem
500 3134 668 3224 distinguit
687 3159 695 3202 ε
716 3140 852 3224 primam
873 3138 1070 3222 aristobuli,
1096 3143 1230 3208 alteram
1255 3143 1398 3223 Arriani,

267 3241 391 3307 tertiam
409 3242 574 3324 Clearchi,
595 3254 742 3331 quartam
762 3240 903 3333 denique
923 3245 1055 3315 Suidae.
1085 3249 1277 3314 Nobiscum
1297 3249 1402 3313 omni-

266 3345 323 3413 bus
340 3368 390 3413 res
408 3370 475 3413 nen
493 3361 550 3417 est.
582 3350 684 3415 Unam
705 3349 831 3415 Arriani
848 3351 1070 3416 recensionem
1090 3354 1222 3438 propius
1240 3353 1402 3438 spectabi-

267 3472 333 3517 mus
344 3466 377 3519 et
391 3476 468 3522 cum
486 3455 623 3542 genuina
633 3456 751 3536 forma,
771 3456 812 3520 ah
827 3455 1012 3527 Aristobulo
1024 3456 1165 3542 prodita,
1186 3459 1400 3527 conferemus.

306 3561 393 3627 Haec
418 3562 522 3651 igitur
548 3572 624 3627 sunt
650 3560 779 3628 Arriani
811 3562 909 3653 rerba
935 3562 980 3631 II.
1006 3568 1040 3631 5.
1070 3566 1119 3629 0.
1146 3554 1193 3629 Te*
1214 3560 1322 3650 μτῆμα
1341 3560 1402 3629 τοῦ

269 3663 573 3799 Eppdcverwilov’
554 3664 646 3759 εγγύς
680 3661 718 3762 ἦν
753 3672 818 3739 τῶν
854 3672 970 3801 cappis
1010 3672 1069 3762 τῆς
1107 3661 1319 3759 Ἀγχιάλου·
1347 3669 1403 3737 καλ

204 3792 209 3798 “
267 3769 361 3858 οὗτος
382 3772 569 3872 ἐφειστήκει
593 3773 646 3849 ἐπ’
675 3774 762 3868 οὗτοι
751 3767 1057 3915 Σαοδαναπαλος,
1085 3774 1317 3872 σομβεβληκιιλς
1342 3773 1402 3859 τοὶς

266 3891 375 3977 χεῖρας
401 3877 567 3980 ἀλλήλαις,
596 3887 642 3967 οἷς
666 3881 853 3978 μάλιστα’
835 3915 869 3971 ες
897 3882 1013 3983 κρότοι
1044 3882 1291 3976 συμβάλλονται.
1320 3892 1402 3958 Falli

266 3987 316 4057 hic
338 3994 512 4063 Arrianum
542 3998 638 4062 rel
611 4019 679 4083 eJus
708 4008 892 4079 auctorem,
918 4010 1006 4064 recte
1024 3996 1106 4063 vidit
1122 3998 1261 4066 Naelrius
1283 4022 1315 4085 p.
1333 3998 1401 4063 249

268 4115 337 4184 tqq.
360 4103 461 4185 Nam,
475 4105 724 4170 uthristobulus
735 4104 830 4171 docet
841 4103 1126 4192 apndStrabonem
1142 4116 1175 4169 et
1183 4103 1395 4181 Athenaeum,

270 4197 337 4286 (nbi
353 4213 485 4275 omnino
502 4209 735 4277 emendandum
756 4223 804 4276 est
820 4199 1065 4297 ἀποκροτοῦντα
1081 4232 1139 4298 pro
1156 4204 1397 4297 ἐπαιρατοῦντα)

267 4315 368 4377 statua
392 4314 600 4404 Sardanapali
621 4340 685 4382 non
705 4339 816 4382 manus
839 4314 952 4386 habuit
982 4316 1178 4402 complosas,
1202 4312 1258 4377 sed
1284 4312 1399 4398 digitos

267 4413 407 4501 collisos,
425 4422 569 4489 medium
586 4435 664 4511 puta
681 4433 712 4488 et
726 4423 895 4509 pollicem,
917 4432 950 4485 et
969 4420 1102 4486 dextrae
1119 4418 1252 4507 quidem
1269 4431 1396 4490 mauns3
1431 4465 1436 4476 ·

266 4513 391 4590 sinistra
407 4542 518 4596 autem
540 4531 619 4597 item
638 4540 745 4595 erecta
761 4528 905 4596 iudicare
922 4516 1026 4591 ια’λλα
1040 4524 1270 4605 videbatur,1n
1285 4524 1401 4591 inscri-

267 4623 570 4707 amnemamnem
592 4636 678 4703 Illud
698 4636 885 4723 comprobat
905 4634 1001 4699 etiam
1018 4631 1159 4699 suidas:
1183 4619 1229 4697 Τὸ
1251 4622 1400 4721 ἐφεστώς

267 4750 314 4813 τῳ
324 4732 460 4823 μνήματι
471 4739 634 4835 ἄγαλμα
614 4744 699 4838 υπὲρ
721 4746 779 4837 τῆς
799 4736 991 4835 κεφαλῆς”
969 4766 1041 4827 exos
1061 4733 1120 4818 τας
1134 4743 1244 4831 χεῖρας
1251 4735 1399 4823 πεποίη-
