3617 5892
955 714 997 777 88

411 887 615 957 Pharnuclres
640 909 714 955 sero
740 899 771 953 et
791 886 976 953 Macedones
998 886 1136 952 insecuti
1158 897 1284 971 praeter
1304 885 1493 969 opinionem
1507 885 1542 948 in

410 994 566 1062 Nomadas
580 992 712 1081 Scythas
728 991 925 1059 inciderunt.
957 993 1104 1075 Quorum
1120 991 1241 1056 auxilio
1259 991 1361 1055 fretus
1380 988 1542 1074 Spitame-

410 1098 486 1181 n'es,
514 1098 679 1185 assumptis
706 1098 867 1184 equitibus
896 1097 1023 1184 Scythis
1044 1098 1173 1163 circiter
1197 1096 1370 1175 sexcentis,
1394 1094 1540 1180 peditum

410 1205 617 1273 Macedonum
643 1203 837 1291 phalangem
861 1204 935 1270 loeo
953 1202 1050 1289 plano
1071 1202 1113 1269 ad
1129 1202 1315 1290 Scythicam
1333 1200 1540 1266 solitudinem

411 1311 679 1399 circumequitans
704 1309 826 1396 sagittis
858 1310 1000 1377 incessit.
1032 1308 1239 1389 Macedones,
1266 1307 1391 1395 aliquot
1407 1328 1541 1373 snorum

409 1418 546 1497 amissis,
568 1415 610 1481 ad
631 1414 856 1503 Polytimetum
882 1414 929 1495 fl,
957 1416 1011 1481 cni
1039 1416 1143 1481 vicina
1171 1425 1240 1479 erat
1266 1414 1371 1501 sylva,
1400 1434 1437 1476 se
1457 1414 1540 1477 reci·

408 1526 519 1611 piunt3
543 1520 598 1586 sed
623 1541 694 1585 mor
724 1520 845 1598 ducum
862 1512 1004 1587 'maxime
1028 1542 1136 1586 errore
1158 1520 1341 1586 conturbati
1364 1519 1540 1605 multisque

408 1624 651 1695 difficultatibus
672 1626 899 1707 circumventi,
917 1628 951 1691 in
962 1627 1100 1692 insulam
1116 1625 1277 1714 quandam
1295 1626 1330 1689 in
1349 1624 1537 1711 Polytimeto

408 1738 502 1802 sitam
522 1732 728 1819 confugiunt,
752 1732 810 1797 ubi
831 1755 849 1798 a
868 1732 994 1819 Scythis
1016 1734 1202 1799 circumfusi
1217 1725 1292 1797 fere
1305 1752 1414 1796 omnes
1440 1729 1537 1794 truci-

409 1841 536 1907 dantur.
566 1838 637 1903 Huc
656 1836 740 1903 redit
764 1838 892 1905 Arriani
919 1839 1079 1917 narratio,
1107 1840 1208 1925 petita
1231 1839 1367 1904 fortasse
1393 1835 1536 1901 cPtole·

407 1967 518 2023 mneo,
539 1944 592 2009 cui
611 1943 805 2033 supplendae
823 1956 854 2009 ct
871 1943 1081 2011 illustrandae
1098 1944 1306 2033 subjungitur
1324 1946 1537 2031 fragmentum

408 2049 599 2117 Aristobuli.
633 2048 747 2115 Omnia
769 2049 831 2115 alia
857 2050 920 2116 hac
951 2050 992 2116 de
1013 2073 1048 2117 re
1067 2052 1195 2118 Curtius
1218 2050 1316 2116 tradit
1336 2051 1410 2120 vn.
1435 2052 1466 2116 7.
1489 2050 1531 2113 31

408 2176 495 2244 sqq„
513 2155 574 2219 nisi
598 2153 686 2242 quod
708 2156 867 2221 silcestre
889 2158 961 2230 itas·
980 2170 1101 2243 aptum
1121 2157 1269 2225 insidiis
1295 2157 1448 2248 tegendis
1466 2176 1536 2219 me-

407 2272 528 2343 morat,
546 2282 646 2349 quare
668 2262 849 2327 Muetaellio
868 2262 988 2329 dicitur
1004 2265 1124 2329 fontem
1141 2275 1269 2329 secutus
1287 2283 1355 2328 esse
1371 2260 1536 2329 Aristobu-

272 2444 274 2449 ,
407 2370 496 2450 lum;
514 2389 610 2455 quam
628 2366 791 2448 audacter,
815 2389 909 2435 nemo
925 2390 990 2435 non
1012 2371 1126 2452 cernit.
1158 2370 1292 2439 teriora
1308 2368 1419 2435 docuit
1436 2368 1535 2453 Drop-

407 2495 502 2539 senns
520 2494 557 2559 p.
576 2473 642 2538 322
664 2495 713 2562 sq.
744 2474 859 2561 Siqua
880 2475 963 2541 forte
981 2477 1081 2562 possit
1102 2476 1242 2541 dubitari
1259 2498 1389 2541 -uam
1408 2473 1534 2561 probari

408 2578 442 2644 id
460 2579 588 2644 omnino
614 2599 679 2643 uon
705 2590 810 2667 potest
832 2618 873 2631 -
901 2603 978 2647 num
995 2582 1171 2648 Aristobuli
1191 2580 1410 2646 commentarii
1428 2579 1535 2645 Curtio

407 2685 563 2782 scribenti
580 2684 621 2751 nd
639 2708 769 2751 manum
786 2687 918 2766 fuerint,
940 2688 1002 2754 lroc
1016 2688 1130 2754 saltem
1146 2688 1219 2770 loco
1237 2686 1375 2774 expressi
1389 2686 1441 2749 rel
1459 2706 1538 2749 corr-

406 2791 482 2857 sulti
502 2790 680 2857 Aristobnli
695 2812 736 2855 ne
752 2791 947 2859 levissimum
961 2792 1093 2881 quidem
1111 2794 1280 2881 vestigium
1300 2801 1439 2881 apparet.
1459 2786 1539 2853 Sil-

405 2909 516 2961 vestre
543 2895 629 2962 istud
654 2898 726 2963 itas·
752 2919 817 2965 uon
847 2921 969 2981 moror3
998 2901 1105 2989 sylvae
1136 2922 1234 2987 supra
1260 2901 1352 2965 etiam
1377 2894 1537 2961 Arrianus

407 3002 568 3083 meminit,
593 3024 657 3069 non
678 3024 715 3068 ex
741 3003 944 3095 Aristobulo,
970 3006 1026 3071 sed
1054 3005 1201 3086 aliunde,
1228 3006 1289 3070 nisi
1312 3026 1329 3069 e
1350 3001 1536 3067 Ptolemaeo

406 3107 599 3194 profecerit,
621 3106 709 3193 quod
729 3111 931 3196 praeplacet3
954 3133 1066 3177 rernm
1082 3114 1132 3176 vel
1149 3113 1289 3177 militum
1314 3122 1346 3175 et
1367 3108 1535 3173 missorum

407 3222 440 3279 et
458 3202 654 3278 serratorum
670 3235 842 3298 numerus,
864 3237 961 3304 quern
981 3219 1108 3286 Gurtius
1129 3220 1255 3304 posuit,
1274 3215 1448 3285 lfuetzellii
1465 3211 1535 3297 opi-

406 3319 535 3383 nionem
561 3320 728 3385 luculente
755 3323 885 3392 refellit.
929 3326 1038 3409 Quum
1056 3326 1159 3403 enim,
1184 3345 1223 3389 eo
1246 3335 1379 3414 auctore
1400 3318 1478 3410 (1.1.
1499 3319 1534 3384 0.

406 3421 490 3512 20),
523 3423 727 3492 Menedemus
758 3450 832 3494 cum
862 3433 951 3497 3000
982 3429 1128 3520 peditum
1155 3443 1187 3496 et
1213 3431 1280 3509 800
1308 3428 1470 3517 equitibus
1496 3422 1535 3490 sd

405 3532 519 3597 urbem
549 3531 736 3599 Maracanda
770 3537 884 3603 missus
915 3538 1029 3618 fuerit,
1067 3535 1244 3603 ceciderint
1273 3547 1380 3601 autem
1413 3531 1535 3619 pedites

407 3638 512 3715 2000,
542 3640 665 3723 equites
692 3642 758 3705 300
775 3639 820 3729 .(l.
846 3642 868 3710 l.
900 3646 933 3710 7.
961 3646 1022 3725 393
1049 3646 1082 3710 9.
1111 3641 1197 3730 21,),
1225 3642 1266 3708 de
1286 3642 1354 3726 ejus
1380 3639 1535 3705 sententis

406 3741 484 3806 salvi
504 3740 657 3807 redierint
681 3767 809 3813 neeesse
831 3762 878 3814 est
895 3747 1018 3835 pedites
1046 3753 1149 3831 1000,
1166 3751 1290 3837 equites
1309 3750 1389 3815 500.
1419 3746 1536 3813 Contra

406 3846 492 3934 apud
503 3846 685 3928 Arriannm,
700 3852 757 3938 qui
768 3876 832 3933 non
842 3855 950 3941 plures
958 3858 1025 3923 860
1038 3858 1201 3944 equitibus
1218 3868 1250 3921 et
1268 3857 1354 3920 1500
1373 3852 1534 3940 peditibus

406 3953 565 4040 profectos
595 3954 709 4037 refert,
737 3960 941 4043 Aristobulus
966 3977 1080 4030 auctor
1108 3976 1174 4046 est,
1205 3966 1329 4052 equites
1347 3974 1474 4027 tantum
1493 3962 1536 4025 40

405 4058 594 4146 peditesque
616 4062 744 4128 circiter
768 4071 833 4133 300
858 4091 876 4133 e
897 4070 988 4136 clads
1007 4094 1075 4137 csse
1090 4082 1241 4139 servatos.
1269 4070 1343 4137 Alia
1358 4089 1410 4133 res
1428 4077 1476 4131 est
1495 4064 1536 4129 de

340 4164 342 4173 ’
405 4169 546 4247 ductore
563 4165 686 4235 Itinar.
699 4170 878 4253 lxxxvi,
896 4178 953 4263 qui
975 4177 1015 4243 do
1032 4199 1120 4243 more
1140 4200 1197 4245 sua
1215 4177 1351 4243 Arriano
1367 4172 1534 4259 surripuit.

914 4419 1031 4489 XXIV.

399 4620 414 4641 ⁶
450 4612 562 4682 Strabo
582 4616 628 4689 xl
648 4638 681 4702 p.
706 4615 770 4679 787
799 4612 844 4692 Ι),
867 4611 989 4679 788Α.“
1016 4604 1080 4677 Tris
1092 4604 1148 4677 dcci
1161 4609 1218 4700 τῆς
1233 4607 1408 4697 Σογδιανῆς
1419 4604 1538 4696 ῥέοντα

406 4709 553 4800 ποταμὸν
574 4717 799 4805 Πολυτίμῃτον
820 4705 1128 4804 Ἀριστόβουλος
1146 4712 1245 4800 λέγει,
1260 4699 1538 4781 coementariam
