3617 5892
866 722 1013 807 'ros

416 899 566 994 ηδλονν”
545 932 653 988 οντων,
677 907 731 974 καί
758 900 892 993 ἐχόντων
913 904 1057 990 ἀκάνθας
1078 913 1133 980 ἐπὶ
1154 915 1195 1003 τῇ
1215 917 1359 1007 κεφαλῇ,
1383 939 1551 1006 φερουσας

416 1012 560 1078 κίνδυνον
578 1014 648 1086 τοῖς
671 1011 812 1102 θηρίοις.
834 1005 982 1082 Ἀνοιθεῖν
1002 1017 1059 1100 μὲν
1082 1005 1137 1081 οὖν
1158 1014 1256 1108 ἔαρος
1274 1013 1352 1095 τούς
1374 1019 1547 1108 κεστρέας,

417 1103 509 1199 μόνον
537 1108 680 1196 &iconas
709 1108 823 1202 μικρόν
851 1118 888 1182 δὲ
916 1114 983 1205 πρδ
1013 1118 1137 1197 δύσεως
1157 1113 1324 1248 Πληϊάδρς
1343 1123 1549 1206 καταβαίνειν

415 1213 607 1335 τεξρμίνοος
616 1208 822 1338 ἅθρόρος,
809 1211 864 1284 α’τε
882 1216 984 1286 καί
964 1247 984 1310 η
1008 1215 1129 1300 ἅλωσις
1150 1218 1253 1290 αὐτῶν
1273 1225 1396 1311 γίνεται
1419 1247 1547 1316 περιτο

417 1310 560 1386 πτίττων
577 1322 645 1396 τοῖς
664 1309 849 1409 φράγμαοιν
868 1315 1003 1414 ἀθρόον.
1030 1318 1230 1416 Τοιαύτηνδέ
1239 1351 1310 1394 τινα
1326 1319 1509 1408 εἰκάζειν’
1489 1349 1548 1395 εστι

415 1420 469 1488 καί
489 1420 569 1508 περὶ
588 1422 645 1509 τῆς
664 1421 809 1512 θρίσσης
827 1421 941 1492 αἰτίαν.

459 1528 502 1592 Ut
522 1528 583 1591 sibi
599 1538 758 1594 constaret
779 1531 828 1593 rel
850 1531 1052 1600 Aristobulus
1074 1537 1123 1600 vel
1142 1535 1275 1615 Strabo,
1295 1557 1366 1601 meo
1379 1537 1546 1624 Martepro
1610 1589 1611 1622 ,

415 1621 581 1706 Πλειάδος
594 1624 896 1760 τειῑίῑυίΠληῖοίδος
914 1638 969 1728 (cf.
986 1642 1112 1727 Fragm.
1130 1643 1279 1722 XXXIV,
1299 1642 1469 1732 XXXV..)
1487 1645 1544 1709 Nec
1610 1627 1611 1674 3

416 1736 558 1803 dubitavi
580 1726 750 1817 εἰκάζειν
733 1737 801 1805 εστὶ
814 1747 982 1810 mutarein
1002 1739 1059 1810 είκ.
1082 1737 1159 1813 ἔστι.
1183 1748 1446 1815 Αοίῐοεδτετῑεω
1459 1753 1543 1816 etiam

416 1866 481 1909 non
499 1842 671 1929 legendum
681 1843 780 1909 orden
792 1865 1113 1934 περιταιτοντων
1136 1842 1301 1941 ἀθρόον,
1319 1854 1376 1919 sod
1398 1844 1543 1944 ἀθρόων,

417 1949 685 2037 quemadmodum
706 1951 803 2035 paulo
821 1964 894 2016 ante
913 1955 1062 2019 scribitur
1083 1951 1271 2037 τεξομίνοος
1286 1997 1327 2009 —·
1340 1949 1497 2046 αδρόους.

460 2056 639 2120 Recensent
658 2056 723 2120 Nili
750 2057 852 2140 pisces
876 2059 1058 2125 Athenaeus
1079 2060 1145 2128 VII·
1162 2079 1196 2147 p.
1224 2066 1287 2127 311
1318 2065 1358 2143 F,
1383 2065 1445 2127 312
1463 2063 1491 2126 A
1508 2073 1541 2124 ct

417 2161 532 2228 Strabo
557 2163 649 2231 XVII
670 2184 702 2246 p.
724 2166 810 2228 1178
831 2165 857 2228 D
876 2187 924 2252 sq.
959 2166 1053 2248 Quod
1073 2189 1148 2231 vero
1169 2170 1255 2254 apud
1272 2170 1361 2235 bunc
1379 2165 1539 2234 contendit

415 2268 634 2348 Aristobulue,
658 2268 825 2355 delphinos
848 2272 882 2334 in
897 2272 970 2337 Nilo
993 2273 1125 2358 reperiri
1144 2265 1199 2337 dod
1218 2265 1256 2340 od
1278 2274 1440 2363 κρείττους
1462 2263 1540 2335 εἶναι

417 2372 482 2437 τῶν
502 2371 727 2458 κροκοδείλων,
751 2376 873 2460 optIme
899 2378 1038 2443 illustret
1059 2378 1200 2456 Plinius,
1219 2378 1311 2462 cujus
1334 2380 1539 2448 narrationem

418 2476 505 2564 legas
525 2477 614 2545 v111.
636 2481 692 2547 38.

903 2695 1050 2763 XXXIX.

462 2862 576 2930 Strabo
596 2866 655 2935 XV
672 2888 705 2953 p.
731 2869 815 2932 1017
838 2866 877 2935 A.
899 2869 937 2935 B.
961 2860 1054 2934 Komoi
1072 2861 1127 2934 τδν
1146 2858 1303 2957 Ἀκεσίνην
1321 2865 1371 2932 καί
1388 2859 1442 2954 την
1460 2885 1545 2946 συμ-
1611 2901 1612 2920 ν

420 2959 520 3055 βολην
536 2961 593 3057 τῆν
610 2967 697 3058 ττρός
713 2962 862 3060 Ὺίιριοτιν
880 2971 935 3037 καὶ
953 2961 1253 3059 Ἀριστόβουλος
1273 2972 1372 3060 είρηκε
1385 2965 1464 3056 περὶ
1477 2967 1545 3032 τῶν

419 3070 742 3155 κατακοιμιττομένους
756 3065 890 3156 ἐχόντων
900 3069 977 3148 eoric
985 3065 1137 3156 κλάδους,
1149 3073 1203 3140 καλ
1212 3072 1293 3163 περὶ
1301 3075 1356 3140 τοῦ
1368 3068 1544 3157 μεγέθους·

419 3165 504 3237 ὥσθ’
525 3166 583 3264 ὑφ’
602 3171 649 3239 ἑνὶ
675 3172 797 3263 δένδρῳ
824 3175 1056 3266 μεσημβρίζειν
1081 3175 1309 3260 σκιαζομένους
1329 3173 1448 3249 ἱππέας
1467 3195 1544 3238 πεν-

348 3342 351 3350 ,
419 3271 567 3395 τὴκρντοι·
589 3268 684 3353 οὗτος
703 3276 741 3344 δὲ
759 3275 991 3369 (Ὀνησίκριτος)
1007 3279 1244 3368 τετρακοσίους.
1259 3278 1360 3366 Λέγει
1370 3269 1458 3345 oto
1449 3286 1484 3344 A
1489 3301 1544 3366 ρι-

421 3370 638 3463 στὸβουλος
658 3407 713 3448 και
703 3373 809 3448 ἄλλο
832 3382 972 3474 δένδρον,
987 3408 1026 3503 ρο
1016 3379 1135 3471 ’popo
1156 3373 1316 3470 μεγάλους
1337 3374 1543 3468 λοβοδςέχον,

421 3473 464 3560 οἷς
484 3476 502 3551 ὁ
521 3506 657 3570 κυαμος,
678 3484 755 3553 δέκα
774 3478 1003 3563 δακτύλους
964 3511 1002 3554 το
1021 3487 1140 3576 μῆκος,
1158 3479 1293 3578 πλήρεις
1311 3510 1335 3570 μ
1337 3483 1458 3560 ἐ·λιτος
1472 3476 1544 3558 τούς

422 3583 460 3650 δὲ
479 3579 644 3675 φαγόντας
659 3612 698 3655 oo
689 3580 840 3679 ῥᾳδίως
858 3586 1036 3670 σώζεσθαι.

465 3692 587 3757 Tribus·
599 3697 720 3781 magnis
741 3695 946 3776 fluminibus,
966 3696 1132 3784 Hydaspe,
1150 3696 1310 3784 Hydrunte
1330 3718 1386 3760 seu
1410 3697 1543 3783 Hyarote

424 3807 457 3860 et
470 3797 615 3884 ¹IIypbasi
635 3801 667 3863 in
688 3802 814 3866 alveum
834 3803 987 3888 receptis,
1013 3802 1181 3883 Acesines,
1205 3814 1328 3868 servato
1346 3824 1474 3888 semper
1495 3824 1545 3864 no·

423 3903 526 3982 mine,
549 3904 583 3966 in
605 3904 720 3970 Indum
736 3908 850 3975 fertur.
884 3908 958 3977 vid.
983 3910 1109 3977 Arrian.
1126 3909 1219 3997 Ecp.
1241 3907 1338 3974 Aloe.
1358 3910 1414 3979 Vl.
1437 3910 1488 3973 14.
1509 3910 1545 3983 5,

424 4009 534 4076 lodic.
563 4010 622 4077 111.
657 4015 710 4078 10.
743 4013 805 4078 IlIo
831 4015 932 4100 igitur
954 4026 1076 4095 tractu,
1101 4037 1166 4104 quo
1193 4017 1228 4080 in
1251 4016 1420 4081 Acesinem
1443 4013 1548 4078 influit

423 4116 614 4204 Hydreotes,
634 4117 721 4206 quod
742 4119 839 4184 visam
857 4121 919 4184 sibi
933 4122 1078 4186 arborem
1098 4133 1231 4188 testatur
1248 4121 1467 4201 Aristobulus,
1493 4120 1548 4184 sub

311 4242 316 4250 ’
425 4224 517 4308 cujus
545 4226 639 4289 ramis
660 4224 789 4315 deflexis
813 4229 857 4290 50
880 4229 1003 4314 equites
1023 4239 1149 4314 possent
1171 4228 1348 4308 meridiam,
1373 4229 1406 4291 in
1425 4248 1461 4292 eo
1482 4251 1550 4292 rur·
1612 4241 1613 4260 ¹

425 4351 477 4394 sus
496 4331 728 4398 veredioentior
744 4331 882 4412 videtur,
902 4354 967 4420 quo
986 4337 1086 4421 magis
1109 4336 1208 4400 ceteri
1230 4333 1403 4399 Alexandri
1420 4335 1549 4398 comites

426 4447 457 4498 et
473 4440 642 4523 scriptores
660 4438 863 4504 incredibilia
885 4453 1065 4508 narrarunt.
1099 4442 1146 4506 Ne
1168 4441 1252 4504 enim
1274 4439 1313 4505 ad
1335 4440 1550 4505 Onesicritunr

426 4545 626 4629 contngirsm,
647 4547 703 4632 qui
722 4546 894 4611 earundem
917 4548 1068 4612 arborum
1090 4548 1237 4613 umbram
1256 4549 1359 4613 octies
1377 4547 1454 4610 fecit
1475 4569 1549 4608 mo·

425 4646 533 4727 sorem
551 4649 615 4736 (ap.
643 4652 748 4718 Strab.
768 4654 791 4719 1.
817 4651 867 4741 1.),
886 4654 1068 4718 memorabo
1087 4653 1254 4739 deinceps,
1278 4675 1375 4740 quent
1387 4650 1549 4718 Diodorus

429 4748 544 4838 (utut.
561 4753 630 4840 90.)
650 4759 811 4843 seqnitur,
831 4762 1038 4846 scriptorem,
1064 4761 1128 4825 sive
1143 4761 1169 4824 is
1185 4761 1365 4826 Clitarchus
1384 4758 1549 4823 habendus

1337 4955 1344 4998 t
