3617 5892
816 706 859 770 27

276 883 438 971 ex'ccrplt3
467 895 505 948 ut
532 880 614 945 inira
636 879 762 967 saepius
783 878 958 945 notabitur.
990 881 1192 947 Levissimum
1217 882 1301 948 luter
1328 882 1402 948 Ari-

276 991 407 1079 stobuli
425 1000 457 1054 et
476 985 649 1053 Ptolemaei
670 985 869 1050 recensiones
895 983 1067 1050 discrimen
1088 984 1128 1051 de
1151 988 1317 1075 utriusque
1339 985 1402 1053 fide

277 1110 368 1165 tanto
382 1098 486 1160 mnus
498 1090 655 1171 detrahit,
674 1100 793 1177 quanto
813 1091 913 1178 magis
932 1092 966 1154 in
985 1092 1084 1177 copiis
1102 1093 1273 1159 Alexandri
1290 1102 1424 1157 recen-'

276 1203 384 1269 sendis
408 1201 508 1265 ceteri
530 1199 700 1285 scriptores
722 1197 804 1260 inter
829 1218 864 1261 se
882 1193 1073 1283 discreptbt.
1105 1195 1262 1264 Diodorus
1285 1198 1401 1287 (xvlt.

278 1307 363 1397 17.),
381 1308 438 1394 qui
462 1305 641 1371 accuratius
664 1302 838 1369 Alexandri
855 1305 1031 1369 exercitum
1055 1305 1322 1391 circumscripsit,
1344 1327 1402 1370 nn·

258 1425 379 1481 ‚merat
400 1402 524 1489 πεζούς
543 1405 769 1496 τρισμυρίους,
792 1404 908 1481 ἱππεῖς
926 1406 1201 1495 τετρακισχιλίους
1217 1407 1271 1473 καλ
1289 1430 1404 1474 πεντα-

275 1518 423 1603 κοσίους,
437 1521 588 1606 adeoque
601 1518 791 1604 inpeditum
803 1530 938 1584 numero
954 1519 1110 1585 consentit
1129 1540 1204 1585 cum
1219 1519 1404 1585 Aristobulo

276 1639 311 1691 et
326 1629 525 1707 Ptolemaeo,
543 1627 577 1690 in
600 1624 762 1712 equitibus
781 1646 855 1690 vero
868 1624 1005 1690 mediam
1026 1636 1112 1691 tenet
1130 1626 1214 1691 inter
1230 1636 1405 1712 utrumque

277 1733 372 1803 viam.
406 1734 478 1798 Duo
512 1730 656 1819 peditum
696 1730 797 1796 millia
822 1729 871 1795 his
901 1730 990 1796 addit
1015 1732 1158 1797 lustinus
1188 1730 1244 1799 xl.
1267 1732 1299 1798 6.
1346 1732 1405 1797 «ln

266 1839 424 1905 'exercitu
450 1839 516 1923 ejus
542 1838 634 1903 luere
657 1836 816 1924 pediturn
836 1839 991 1926 triginta
1012 1836 1077 1903 duo
1096 1838 1233 1917 millio,
1253 1840 1406 1925 equitnm

277 1959 425 2035 quatuor
455 1944 575 2009 millio
605 1946 828 2033 quingenti.»
872 1942 1063 2009 Plutarchus
1100 1942 1138 2011 V
1136 1948 1174 2010 it.
1201 1942 1300 2009 Alen.
1323 1944 1404 2011 xl:

279 2049 347 2138 Τῆς
367 2050 537 2137 στρατιᾶς,
560 2050 683 2137 inquit,
706 2038 745 2113 τὸ
772 2046 903 2137 πλῆθος
931 2044 964 2115 oi
989 2046 1047 2131 μὲν
1072 2037 1237 2131 ἐλάχιστον
1262 2045 1407 2133 λέγοντες

276 2151 537 2242 τρισμυρίους
564 2146 711 2232 πεζούς
736 2148 791 2217 καὶ
817 2149 1163 2234 πεντακισχιλίους
1196 2148 1336 2224 innuis
1366 2187 1406 2199 -

277 2251 529 2349 ἀναγράφουσιν.
562 2263 654 2328 llaud
681 2262 754 2327 satis
780 2273 867 2327 recte
894 2284 902 2326 :
936 2263 1057 2350 quippe
1084 2273 1131 2327 est
1157 2260 1237 2327 baec
1265 2262 1406 2325 recensio

276 2366 470 2444 Ptolemaei,
486 2346 551 2451 quo
569 2369 658 2431 mille
677 2369 799 2454 equites
817 2368 922 2433 minus
941 2368 1118 2435 numeravit
1132 2367 1352 2447 Aristobulus,
1372 2377 1408 2432 nt

276 2472 407 2556 Fragm.
427 2469 514 2538 laud.
537 2471 604 2556 ipse
623 2471 771 2537 ostendit.
794 2470 837 2535 At
853 2472 956 2537 multo
976 2474 1078 2558 major
1095 2473 1237 2559 ejusdem
1254 2496 1343 2539 error
1362 2484 1408 2537 est
1485 2504 1507 2561 χ

276 2582 324 2646 sic
344 2580 377 2647 d.
394 2580 417 2647 l.
438 2580 600 2666 pergentis
620 2603 629 2645 ε
654 2574 695 2645 Oi
719 2574 757 2642 δὲ
777 2575 943 2659 πλεῖστον,
965 2573 1112 2659 πεζούς
1131 2580 1190 2665 μὲν
1209 2600 1408 2671 τετρακισ-

276 2680 435 2767 χιλίους
454 2681 509 2747 καί
529 2683 808 2773 τρισμυρίους,
831 2684 980 2763 ἱππίας
1006 2686 1043 2754 δὲ
1070 2689 1409 2778 τετρακισχιλίους

276 2780 528 2881 άναγράφουσιν.
559 2793 760 2876 Quibuscum
778 2809 902 2884 pugnat
921 2799 1058 2885 primum
1078 2800 1293 2865 testimonium
1311 2802 1409 2865 Fron·

277 2898 336 2961 tini
351 2894 502 2986 Stratsg.
513 2899 571 2968 IV.
584 2903 617 2967 2.
637 2905 675 2982 4,
696 2915 732 2968 ut
744 2902 828 2969 huic
840 2926 971 2991 quoque
982 2905 1089 2972 locum
1107 2906 1276 2986 cedamus,
1295 2909 1352 2994 qui
1368 2906 1408 2972 ad

276 3002 515 3092 quodraginta
527 3008 650 3073 millio
661 3008 837 3075 hominum
849 3032 1020 3077 numerum
1038 3016 1150 3101 τυροῖς
1171 3026 1293 3101 pugnat
1311 3035 1406 3101 porro

275 3110 484 3177 Callisthenes
501 3134 553 3197 ap.
581 3115 693 3201 Polyb.
720 3118 794 3184 XII.
822 3119 891 3201 193
918 3115 1004 3204 Φησὶ
1016 3109 1078 3205 γάρ
1093 3108 1190 3183 caindo
1202 3108 1408 3207 ποιήσασθαι

275 3211 408 3323 crispio
434 3213 492 3309 τήν
521 3212 631 3288 Ἀσίαν
659 3213 808 3306 διάβασιν
835 3224 965 3305 πεζῶν
990 3223 1048 3307 μὲν
1080 3219 1194 3308 ἔχοντα
1218 3224 1408 3315 τέτταρας

277 3314 486 3415 μυριάδας,
509 3324 648 3403 ἱππεῖς
676 3327 713 3395 δὲ
737 3331 1079 3419 τετρακισχιλίους
1099 3331 1153 3397 καλ
1174 3334 1408 3401 πεντακοσί-

278 3451 358 3506 ους.
387 3433 473 3515 Quas
492 3431 623 3520 quidem
643 3435 750 3520 copias
769 3437 814 3501 ita
833 3448 943 3502 auctas
959 3438 1056 3503 luisse
1074 3448 1227 3516 testatur,
1250 3449 1287 3503 ut
1304 3440 1339 3501 in
1355 3439 1408 3507 Ci-

275 3537 385 3603 liciam
412 3538 574 3604 invadenti
606 3552 710 3605 essent
739 3538 838 3619 νιεζοί
865 3538 924 3625 μὲν
950 3529 1213 3629 τετρακισμύριοι
1239 3540 1405 3624 δισχίλιοι,

275 3640 393 3717 ἱππεῖς
413 3640 449 3707 δὲ
468 3643 729 3727 πουταιιισχίλιοι.
755 3644 886 3711 Reiellit
921 3645 1049 3711 tandem
1081 3643 1289 3711 Plutarchum
1316 3648 1406 3712 Lam·

275 3768 433 3837 psacenus
442 3748 668 3830 Anaximenes,
687 3751 780 3835 cujus
792 3754 1009 3819 recensionem
1026 3754 1131 3817 statim
1150 3753 1406 3838 postAristobuli

277 3866 311 3919 et
336 3855 511 3920 Ptolemaei
540 3858 716 3924 testimonia
738 3860 828 3945 ponit
852 3861 920 3946 ipse
950 3860 1045 3925 Orat.
1069 3859 1108 3923 da
1127 3857 1224 3925 Alco.
1243 3862 1270 3927 Ι.
1289 3865 1335 3927 3:
1355 3850 1406 3931 Ὡς

275 3956 525 4053 δ’ᾌναξιμέιης,
549 3968 609 4046 ait,
633 3960 956 4057 τετρακισμύριοι
973 3968 1092 4048 πεζοί
1107 3968 1162 4035 καὶ
1174 3969 1403 4059 τρισχίλιοι,

276 4071 599 4158 πεντακισχίλιοι
619 4073 657 4141 δὲ
676 4074 741 4141 καί
759 4067 1018 4145 πεντακόσιοι
1039 4077 1200 4153 ἱππεῖς·
1224 4102 1320 4167 quem
1348 4098 1405 4163 pc·

275 4184 382 4250 ditum
398 4208 586 4265 numerum,
616 4187 723 4251 nescio
745 4186 819 4266 ubi,
846 4188 1024 4275 Droysenus
1053 4189 1097 4280 (p.
1114 4187 1183 4276 94.)
1210 4184 1404 4271 transpositis

276 4293 496 4358 numeralibus
512 4294 627 4379 legisse
636 4292 777 4373 videtur,
802 4283 1008 4383 τρισμύριοι
1028 4293 1081 4359 καί
1099 4286 1404 4379 τετρακισχίλιοι.

276 4396 341 4462 Sed
359 4400 409 4463 vel
425 4398 486 4463 hac
503 4400 680 4464 mutatione
699 4399 800 4465 nihilo
819 4401 919 4487 magis
942 4422 1050 4467 secum
1070 4400 1137 4484 ipsc
1156 4395 1311 4461 constabit
1326 4394 1402 4459 Plu-

277 4504 427 4584 tarchus,
447 4509 507 4571 cui·
517 4508 641 4593 saepius
660 4505 807 4571 accidere
826 4508 923 4586 solet,
946 4518 982 4572 ut
997 4504 1038 4571 de
1054 4501 1233 4571 Alexandro
1245 4501 1307 4565 alia
1320 4501 1401 4565 rele-

277 4621 330 4675 rat
347 4612 381 4675 in
398 4610 540 4696 ejusdem
557 4610 596 4680 V
595 4615 663 4690 itu,
683 4612 745 4677 alia
768 4613 801 4677 in
822 4611 1048 4679 Orationibus
1066 4609 1200 4688 scribat,
1222 4608 1256 4671 in
1275 4606 1401 4673 laudem

275 4717 377 4803 Regis
395 4718 586 4805 compositis.
609 4720 730 4789 Verum
747 4720 821 4785 satis
839 4736 1001 4807 superque
1021 4715 1143 4782 dictum
1162 4714 1203 4781 de
1222 4713 1282 4781 bac
1301 4714 1402 4780 histo-
