3617 5892
818 645 823 652 ¹
954 695 1016 759 mo

418 859 536 957 λιιόρον
555 865 615 956 τῆς
634 863 729 950 ero
715 861 879 952 Ἀδγαλρ
897 856 1023 950 πόντῳ,
1045 856 1205 954 έςῆντινα
1218 855 1341 954 ''lnopm
1357 857 1548 932 τόνΔαιδό-

418 971 492 1053 λου,
513 966 663 1044 ταιέντος
681 965 742 1036 τοῦ
755 967 872 1057 κηροῦ,
894 962 961 1053 ὅτῳ
976 957 1185 1058 προσήρτητο
1201 960 1244 1034 τό
1260 972 1547 1056 commorassem

417 1063 514 1202 λόγος
538 1069 676 1156 κατέχει
697 1107 740 1121 -
770 1062 814 1138 Ἠ
837 1067 955 1138 dd‘d
902 1068 955 1138 ετέ
956 1093 1000 1160 ρα
1026 1069 1124 1160 νῆσος
1152 1065 1283 1155 αἀτέχιιν
1307 1059 1417 1153 μέν
1393 1063 1464 1137 ond
1491 1071 1548 1137 roi

417 1175 579 1267 πόματος
598 1181 659 1248 τοῦ
678 1169 857 1272 Εόφρότου
876 1173 1039 1270 ἐλέγοτα’
1019 1201 1097 1250 οσον
1113 1180 1217 1249 πλοῦν
1233 1177 1355 1269 ἡμέρας
1367 1174 1547 1257 neironis

416 1286 485 1363 κατ’
515 1282 612 1383 οόρον
635 1282 762 1380 δεαόαη
789 1289 852 1380 νηΐ·
887 1283 991 1368 Τύλος
1017 1289 1056 1360 δέ
1084 1284 1168 1382 αὐτῇ
1189 1287 1270 1358 εἶναι
1291 1282 1406 1375 ὄνομα·
1427 1283 1546 1380 μεγάλη
1613 1291 1614 1302 ‘

416 1405 456 1476 δέ
481 1397 578 1488 εἶναι,
604 1400 660 1470 καλ
689 1393 766 1472 oiim
794 1407 931 1492 τραχεῖα
956 1396 978 1494 ἡ
1003 1397 1111 1494 πολλῆ
1136 1395 1212 1472 οὔτε
1235 1393 1377 1492 ὑλώδης,
1405 1394 1478 1471 αλλ’
1496 1396 1547 1472 olo

415 1507 563 1608 ναρποός
579 1537 618 1582 τε
637 1508 777 1605 ἡμέρους
800 1505 951 1605 ἐκφέρειν
971 1515 1027 1582 καὶ
1046 1505 1153 1582 πάντα
1172 1505 1289 1605 sipario.
1613 1609 1614 1612 ρ

397 1674 401 1682 ,
460 1635 523 1700 Pro
538 1618 693 1718 αὗτῆς-
709 1617 766 1716 την
781 1625 908 1695 δίαιταν
933 1651 951 1694 e
980 1630 1120 1696 Bekkeri
1147 1629 1270 1696 Ααιοδ.
1294 1631 1310 1694 1
1338 1651 1371 1714 p.
1405 1632 1488 1711 158,
1505 1633 1543 1697 tt
1613 1615 1614 1626 ό

416 1743 602 1827 Kmegems
633 1733 756 1820 recepit
783 1722 903 1809 αότοός
929 1771 970 1802 -τ
996 1726 1039 1800 τό
1058 1733 1118 1824 τῆς
1136 1732 1285 1822 διαίτης·
1313 1735 1368 1799 sed
1392 1740 1543 1804 constanti

417 1847 564 1916 codicum
583 1840 722 1906 lectione
741 1840 801 1904 erit
817 1840 874 1926 qui
893 1861 987 1905 nemo
1002 1841 1097 1904 facile
1115 1837 1306 1907 offendatur.
1331 1841 1443 1924 Quid?
1461 1842 1542 1932 quod

416 1943 548 2030 αότούς,
569 1959 607 2014 nt
635 1946 760 2013 monuit
783 1946 852 2029 jam
879 1945 1075 2026 Ellendtius,
1107 1945 1185 2010 ferri
1204 1945 1296 2012 nullo
1313 1959 1407 2032 pacto
1425 1961 1541 2036 potest;

415 2059 475 2123 nisi
504 2056 587 2121 torre
614 2076 674 2140 pro
699 2052 811 2117 Icariis
841 2073 905 2115 non
931 2051 1009 2117 alios
1038 2052 1218 2140 quoslibet,
1245 2051 1300 2116 sed
1319 2056 1410 2142 ipsos
1425 2057 1543 2119 Icarios

415 2165 503 2231 circa
520 2163 639 2228 Dianae
659 2158 815 2245 templum
836 2155 996 2223 habitasse
1021 2160 1116 2224 statui
1136 2169 1247 2245 putes3
1272 2158 1359 2245 quod
1375 2161 1541 2246 perabsur-

413 2269 503 2336 dum.
526 2269 595 2340 Nee
608 2287 685 2330 reru
696 2253 897 2329 dictionis
855 2285 897 2327 τα
905 2284 964 2349 της
976 2259 1102 2350 διαίτης
1117 2266 1290 2329 ποιεῖσθαι
1300 2285 1375 2330 eum
1387 2267 1541 2332 llllendtio

413 2375 628 2464 patrocinium
655 2369 872 2492 susceperim,
897 2367 976 2433 licet
1003 2367 1115 2434 eodem
1135 2367 1197 2434 hoc
1214 2370 1409 2458 periphrasis
1430 2395 1540 2460 genere

414 2484 549 2548 maxime
575 2477 770 2544 delectatum
802 2477 938 2542 sciamus
969 2475 1152 2544 Attianum.
1192 2475 1274 2541 Nolo
1303 2499 1478 2565 provocare
1502 2479 1538 2544 ad

388 2588 596 2675 exemplum
617 2582 787 2662 Herodoti,
819 2581 930 2647 dilecti
958 2581 1094 2648 Arriano
1115 2582 1298 2668 scriptoris,
1331 2587 1389 2671 qui
1409 2587 1537 2652 formula

412 2717 469 2784 την
489 2689 616 2759 δίαιταν
635 2690 812 2755 ποιεῖσθαι
834 2689 938 2754 utitur
958 2689 1002 2756 11.
1028 2690 1090 2769 683
1121 2686 1176 2753 sed
1196 2709 1370 2774 provocare
1390 2693 1486 2772 milri,
1507 2705 1539 2758 ot

412 2797 583 2864 defendam
610 2795 797 2882 vulgatam,
826 2793 866 2860 ad
895 2817 969 2860 enm
999 2794 1128 2874 licebit,
1157 2817 1254 2882 quem
1284 2817 1385 2862 unum
1404 2801 1536 2864 omnium

315 2909 323 2922 “
412 2907 548 2971 maxime
565 2903 719 2971 Arrianus
736 2900 879 2967 imitatus
899 2913 961 2983 est,
983 2901 1240 2989 Xenophontem,
1258 2903 1292 2967 in
1312 2904 1400 2989 cujus
1422 2905 1535 2991 Cyrop.
1612 2949 1613 2964 2

411 3011 503 3080 Vlll.
525 3014 558 3078 6.
585 3010 628 3073 22
657 3005 790 3071 eandem
810 3009 981 3074 formulam
1000 3007 1087 3073 haud
1103 3009 1223 3074 frustra
1243 3011 1443 3096 quaesiveris.
1469 3013 1537 3078 llox

412 3115 530 3181 mirum
555 3123 712 3200 qnantum
733 3109 882 3198 displicet
909 3113 1011 3178 inanis
1043 3113 1218 3202 tautologia
1236 3153 1277 3205 -,
1296 3137 1361 3203 quo
1376 3119 1460 3183 enim
1478 3120 1537 3184 alio

311 3224 313 3229 ’
413 3223 510 3288 verbo
529 3218 661 3286 dicaml
676 3257 717 3270 -
737 3213 794 3282 ἐπὶ
819 3217 905 3302 τῷδε
930 3217 1040 3307 θηρᾷν
1067 3208 1177 3302 μόνον·
1202 3211 1260 3284 ἐπὶ
1285 3220 1373 3304 τῷδε
1400 3215 1460 3310 γόρ
1484 3214 1538 3288 oris

412 3317 493 3393 εἶναι
522 3316 688 3408 ἀθέμιτον.
728 3324 874 3390 Glossam
909 3345 973 3390 non
1009 3325 1131 3404 inesse,
1161 3325 1212 3389 vix
1244 3324 1322 3390 milri
1355 3327 1535 3412 persuadeo.

411 3434 542 3499 Deleam
561 3454 638 3519 ergo
647 3431 774 3518 priora.
766 3452 775 3467 ·
787 3425 843 3494 ἐπὶ
856 3428 944 3513 τῷδε
956 3428 1067 3517 θηρᾷν
1079 3418 1186 3512 μόνον,
1205 3433 1330 3496 inanem
1344 3433 1537 3521 reliquorum

410 3539 717 3627 interpretationem.
753 3537 868 3623 Spreta
898 3557 995 3621 porro
1022 3535 1197 3602 Florentini
1231 3538 1351 3605 codicis
1384 3542 1538 3628 scriptura

411 3633 469 3707 ἐπὶ
488 3641 582 3730 τιμῇ
601 3641 659 3730 τῆς
679 3661 775 3730 νησου
796 3639 853 3726 τῆς
872 3629 1001 3727 Ἰκάρου
1030 3643 1217 3730 Kruegerus
1241 3643 1402 3732 vulgatam
1430 3649 1538 3734 probat

410 3736 468 3813 a'nrl
487 3765 555 3832 της
575 3733 694 3832 νήσου
715 3744 774 3833 τῆς
794 3739 848 3822 lx,
870 3766 968 3831 quam
984 3757 1057 3811 ante
1073 3770 1149 3813 eum
1158 3750 1258 3816 tuitus
1270 3763 1336 3816 erat
1346 3753 1536 3833 Ellendtrus

410 3861 515 3929 recte,
544 3849 650 3936 quoad
681 3850 873 3916 vocabulum
899 3848 995 3938 τιμῇ,
1023 3853 1110 3942 quod
1134 3857 1262 3922 omnino
1283 3857 1538 3946 interpolatorem

409 3958 527 4036 refert,
554 3954 726 4026 delendum
750 3957 891 4038 censuit3
920 3955 976 4023 sed
996 3958 1050 4026 hic
1069 3973 1101 4025 et
1120 3982 1219 4079 νησου
1237 3964 1369 4050 languet
1396 3977 1428 4030 et
1444 3968 1540 4032 mole·
1611 3955 1612 4034 l

284 4091 290 4107 .
408 4075 494 4131 otum
516 4074 563 4128 est
584 4073 634 4128 ter
651 4061 802 4150 deinceps
819 4065 991 4150 repetitum
1011 4065 1083 4154 τῆς,
1104 4067 1196 4152 cujus
1219 4091 1265 4132 rer
1256 4070 1420 4138 alterum
1435 4093 1540 4138 erem-

407 4170 499 4256 plum
529 4167 618 4257 apud
648 4170 819 4236 Arrianum
850 4169 1007 4240 desidero.
1047 4175 1165 4262 legam
1190 4175 1378 4262 simpliciter
1409 4168 1463 4243 inl
1483 4176 1542 4264 τῆς

407 4263 527 4364 incipet
521 4274 606 4362 τῆς
625 4299 654 4342 κ.
676 4298 704 4340 τ.
727 4275 866 4358 λΟιιαα
884 4278 988 4345 insula
1008 4303 1066 4346 cur
1088 4282 1287 4368 potissimum
1310 4283 1395 4348 Icari
1416 4285 1542 4348 nomine

408 4381 567 4465 appellata
578 4393 630 4460 stt
640 4419 682 4432 -
694 4382 822 4448 Ιαλονα
831 4405 881 4468 ap
892 4385 973 4450 Plin.
983 4387 1039 4453 Vl.
1052 4388 1129 4452 32
1105 4409 1173 4452 arne
1183 4387 1282 4454 dubro
1295 4390 1442 4456 ntrosum
1451 4401 1541 4456 est-

327 4553 333 4564 ,
408 4485 542 4554 miratur
559 4488 793 4576 Droysenusp.
812 4493 890 4557 573.
914 4493 1072 4579 Equidem
1084 4516 1213 4562 causam
1224 4519 1257 4561 m
1272 4497 1345 4562 lano
1363 4498 1486 4563 Dianae
1499 4495 1539 4560 ιλιι

408 4604 535 4676 reperto
556 4595 657 4661 latere
675 4618 820 4663 conseo:
839 4619 912 4664 nam
930 4601 1025 4668 etiam
1042 4601 1077 4666 in
1092 4603 1187 4668 maris
1207 4602 1326 4690 Aegaei
1346 4604 1438 4670 Icaro
1457 4606 1540 4688 ejus·

407 4693 482 4762 dom
504 4698 589 4767 neae
606 4671 669 4766 luit
687 4705 864 4789 templum,
887 4697 1114 4794 Ταυροπόλιον
1134 4707 1275 4790 dictum,
1296 4711 1370 4778 satis
1393 4710 1539 4786 celebre,
