3617 5892
195 920 198 955 r
270 881 327 975 τὴν
349 875 508 974 σύλληψιν
531 878 616 951 ἐπιδ
632 882 734 971 μῆνας
764 874 994 973 φυλάσσεσθαι
1020 880 1202 979 δεδεμένον,
1228 876 1276 960 οἷς
1302 882 1336 952 ἐν
1355 893 1403 974 τῷ

272 984 430 1076 συνεδρίῳ
447 984 593 1077 κριθείη,
612 977 776 1077 παρόντος
791 978 1041 1077 Ἀριστοτέλους
1064 984 1125 1052 ’ἐν
1149 978 1201 1061 αἶς
1223 978 1254 1052 δ’
1264 982 1402 1079 paupere

195 1130 199 1169 ,
270 1088 483 1179 Ἀλέξανδρος
502 1087 535 1156 ἐν
554 1088 703 1167 Μαλλοῖς
724 1080 929 1179 Ὀξυδράκαις
947 1079 1093 1177 ἒιράθη,
1117 1086 1199 1179 περὶ
1214 1081 1273 1177 κήν
1297 1084 1403 1161 laotos
1534 1090 1543 1098 ’

195 1238 196 1275 ;
271 1186 464 1275 ἀποθανεῖν,
484 1182 678 1280 ὑπέρπαχυν
696 1184 863 1279 γενόμενον
881 1190 938 1259 καλ
963 1187 1216 1280 φθειριάσανια.
1245 1194 1321 1278 Quo
1345 1221 1402 1284 pe·

195 1346 198 1382 3
270 1300 407 1367 diculari
426 1298 539 1365 morbo
558 1297 614 1387 (ci.
633 1297 740 1367 Stura.
768 1300 810 1365 nd
834 1298 968 1365 Pherae.
986 1320 1021 1383 p.
1042 1300 1081 1362 17
1102 1295 1167 1385 sq.)
1192 1320 1294 1386 quum
1310 1325 1405 1388 prae·⁸

195 1486 196 1489 Ἴ
271 1419 320 1473 ter
341 1404 560 1491 Pherecydem
577 1404 725 1491 aliosque
742 1406 838 1471 etiam
856 1405 946 1493 Sylla
964 1402 1155 1485 decesserit,
1180 1404 1220 1470 de
1238 1404 1336 1490 hujus
1352 1387 1403 1477 ia-

195 1586 196 1595 ,
270 1515 369 1581 teritu
389 1503 547 1598 exponens
568 1510 760 1577 Plutarchus
789 1510 826 1581 V
824 1515 865 1579 it.
892 1510 979 1597 Syll.
1003 1510 1140 1579 xxxvl
1166 1512 1286 1577 iterum
1306 1532 1316 1578 τ
1336 1510 1404 1581 Aa&

269 1640 362 1704 ymno
381 1614 434 1695 δὲ,
454 1617 577 1704 iuquit,
599 1613 665 1680 τῶν
681 1608 835 1705 demptos
862 1604 1105 1705 φθειριάσαντα
1131 1613 1322 1705 achaicus
1349 1604 1405 1682 stoi

269 1718 479 1809 Καλλισθένη
506 1712 561 1788 adr
584 1712 760 1801 Ὀλύνθιον,
791 1716 825 1786 ἐν’
853 1715 964 1807 ripuar}
990 1706 1236 1808 φρουρούμενον
1255 1740 1265 1757 ·
1286 1722 1404 1809 quibus

270 1826 388 1910 partim
405 1827 578 1893 concinunt
594 1827 753 1914 Diogenes
765 1837 796 1890 et
813 1822 972 1891 Lucienus
990 1824 1014 1892 l.
1032 1825 1057 1893 l.
1080 1825 1244 1912 Denique,
1260 1828 1406 1895 utlino'm

269 1929 322 1996 his
338 1932 470 2012 faciam,
491 1933 668 1999 Aristobuli
689 1930 908 2023 testimonium
926 1930 985 1996 ubi
1003 1932 1245 2017 comprobatum
1266 1934 1405 2023 legimus
1498 2006 1505 2015 ,

269 2036 384 2118 simili,
415 2038 471 2105 sed
497 2038 710 2126 locupletiore
735 2049 767 2104 et
786 2037 987 2105 accuratiore
1008 2036 1149 2104 Charetis
1171 2038 1402 2127 descriptione,
1527 2104 1531 2110 .

268 2141 387 2210 horum
401 2145 645 2211 duumvirorum
664 2145 855 2213 auctoritate
872 2145 966 2225 irati,
983 2144 1120 2232 Diogeni
1135 2147 1317 2233 ceterisque
1331 2168 1404 2213 suas
1455 2237 1459 2245 .

268 2248 391 2315 donare
401 2251 542 2331 tabulas,
559 2252 776 2317 Ptolemaeum
791 2251 891 2316 etiam
910 2272 987 2317 cum
1004 2270 1108 2340 eoque
1125 2250 1271 2320 Curtium
1286 2252 1403 2323 erroris

268 2356 459 2421 insimulare
476 2354 565 2423 haud
583 2377 740 2425 veremur.
1157 2358 1167 2373 ”

777 2599 897 2667 xxtx.

315 2805 497 2891 Athenaeus
516 2794 562 2875 Vl
584 2830 618 2895 p.
636 2811 699 2875 351
724 2809 763 2876 A.
803 2797 1110 2895 Ἀριστόβουλός
1139 2824 1240 2896 φησιν
1258 2799 1279 2874 o‘
1297 2810 1332 2872 K
1344 2826 1407 2873 co-

267 2904 480 3000 σανδρεδς,
502 2902 693 2992 Διώξιππον
706 2905 762 2979 odo
781 2902 960 3005 Ἀθηναῖον
978 2902 1245 2999 παγκρατιαστήν,
1261 2910 1407 2999 τρωθέν-

221 3024 223 3027 ’
268 3035 328 3090 τος
347 3012 429 3080 ποτὲ
444 3013 503 3079 τοῦ
514 3004 746 3103 Ἀλεξάνδρου,
768 3013 823 3080 καὶ
842 3010 983 3097 αἵματος
1002 3010 1149 3100 ῥέοντος,
1168 3012 1279 3078 εἰπεῖν·

449 3107 552 3205 Ὶχδρ,
572 3109 710 3207 οἷόσπερ
731 3140 769 3183 ιε
791 3115 859 3206 ῥέει
885 3105 1067 3203 μακάρεσσι
1086 3118 1229 3183 θεοῖσιν.
1279 3205 1283 3211 .
1369 3165 1372 3170 <

313 3222 480 3288 Pertinent
496 3221 575 3287 haec
596 3220 637 3288 ad
658 3245 800 3309 pugnarn
817 3222 966 3287 adversus
984 3220 1217 3286 Assacanorum
1244 3222 1294 3284 vel
1313 3222 1408 3288 Asse-

271 3351 427 3394 ceuorum
455 3339 600 3415 gentem,
629 3350 768 3417 quorum
798 3326 917 3413 oppido
945 3327 1093 3412 llassegis
1117 3325 1305 3413 (Mozugos
1327 3327 1408 3393 dicit

270 3435 400 3503 Curtius
418 3435 507 3503 VIII.
530 3438 582 3502 10.
599 3436 660 3515 22,
679 3425 846 3503 Μάσσακα
861 3430 1020 3496 Diodorus
1038 3432 1197 3499 Summar.
1213 3432 1283 3498 Lib.
1301 3433 1406 3519 xvll)

268 3542 465 3628 phalangem
494 3540 662 3606 admoneus
693 3539 871 3605 Alexander
896 3538 960 3604 talo
988 3536 1102 3601 leviter
1132 3538 1321 3602 vulneratus
1346 3552 1405 3606 est.

239 3701 242 3713 .
269 3649 317 3717 Cl.
334 3647 473 3715 'Arriam
491 3648 551 3716 lv.
572 3650 627 3715 26.
657 3650 688 3715 i.
720 3642 848 3711 lllude
875 3641 1051 3709 Plutarcho
1074 3644 1218 3730 novimus
1247 3635 1345 3711 Orat.
1368 3645 1408 3712 de

271 3754 489 3836 Alea.11.9;
514 3754 569 3820 sed
590 3755 630 3821 de
650 3754 713 3819 hoc
729 3754 864 3818 maxima
886 3763 934 3816 est
957 3750 1210 3837 iuter·eutiquos
1232 3749 1404 3832 dissensio,

269 3864 384 3949 ecquis
401 3860 570 3926 dicterium
587 3862 622 3925 in
635 3859 851 3927 Alexandrum
866 3842 1047 3923 sauciatum
1061 3858 1266 3925 converterit.
1290 3860 1332 3925 Ut
1348 3880 1406 3945 per

269 3968 491 4033 adulationem
527 3967 562 4035 h.
598 3968 622 4034 l.
653 3968 842 4053 Dioxippus,
881 3966 928 4029 ita
962 3986 1020 4050 per
1055 3965 1284 4044 contumeliam
1320 3963 1409 4049 apud

270 4076 428 4141 Senecam
462 4074 485 4140 l.
514 4073 609 4139 modo
632 4074 655 4142 l.
683 4072 889 4141 Callisthenes
920 4092 957 4136 eo
988 4092 1064 4136 usns
1083 4070 1205 4149 lertur,
1236 4091 1320 4155 quo,
1349 4070 1408 4155 qui

269 4180 355 4246 Deus
384 4157 624 4259 videri'rellet,
651 4176 868 4249 Alexandrum
892 4177 1009 4241 acerbe
1038 4175 1168 4242 rideret.
1201 4173 1295 4258 Quod
1317 4173 1404 4239 haud

195 4274 197 4283 ’
269 4285 314 4352 ita
337 4283 515 4353 absurdum
544 4286 718 4365 existimes,
744 4285 771 4349 si
796 4282 983 4374 παρρησίαν
1008 4282 1103 4367 hujus
1131 4278 1314 4367 philosophi
1335 4302 1406 4365 spe-

271 4404 357 4473 ctas3
378 4392 435 4457 sed
451 4392 591 4458 vicissim
606 4413 720 4478 parum
738 4388 912 4470 credibile,
932 4390 977 4470 si,
1000 4400 1037 4453 ut
1052 4389 1180 4472 Pragm.
1191 4385 1315 4454 XXVII
1323 4408 1402 4473 pro-

269 4498 436 4579 bavimus,
465 4498 691 4568 Callisthenem
711 4497 781 4582 jam
804 4498 839 4563 in
868 4496 999 4561 vincula
1027 4493 1208 4577 conjectum
1226 4491 1328 4576 'luisse
1355 4487 1407 4563 re-

271 4614 385 4688 putas,
414 4625 478 4692 quo
506 4617 648 4693 tempore
672 4603 812 4691 Massaga
834 4600 1015 4671 Alexander
1039 4599 1171 4666 adortus
1197 4610 1257 4668 est.
1290 4599 1406 4667 Contra

270 4709 464 4779 Plutarchus
476 4725 546 4779 tum
560 4714 584 4785 1.
605 4713 628 4781 l.
640 4722 673 4777 et
689 4710 859 4799 Apopttt.
871 4709 956 4799 ,vul
972 4730 1005 4795 p.
1027 4707 1096 4774 202
1115 4704 1181 4795 (ed.
1201 4704 1404 4794 llutt.l,tuta
