3617 5892
706 756 859 820 '11

275 940 370 1004 nobis
390 959 451 1001 uon
473 935 651 1013 ridebitur,
676 918 762 1020 quiu'
771 932 902 996 illarum
921 931 988 994 lere
1009 928 1149 991 omnium
1170 928 1276 1004 testis,
1299 926 1398 991 Alex-

275 1046 377 1110 andro
408 1053 514 1106 autem
544 1062 628 1104 uuus
656 1042 689 1104 iu
719 1038 829 1124 paucis
855 1020 1038 1113 familiaria,
1069 1034 1230 1118 praeclare
1258 1032 1397 1118 potuerit

277 1148 460 1237 gravissimo
489 1155 677 1231 argumento
705 1143 846 1230 defungi.
878 1142 937 1207 Gui
966 1160 1038 1203 vere
1065 1138 1225 1203 scribendi
1253 1136 1398 1202 facultati

276 1268 432 1343 quatenus
457 1253 652 1316 voluntatem
677 1232 1025 1334 conjunxerit,'quum
1054 1246 1116 1309 alia
1141 1244 1258 1308 indicia
1278 1242 1400 1307 deside·

276 1373 405 1439 rentur,
430 1360 564 1422 maxime
587 1380 623 1422 ea
645 1358 779 1420 Arriano
802 1355 966 1418 efficimus:
1007 1351 1177 1416 Rarissime
1198 1350 1282 1413 enim
1302 1348 1400 1413 celeri

275 1467 446 1551 scriptores
473 1464 514 1527 ad
548 1463 721 1531 Ptolemaei
761 1460 1001 1531 commentarios
1022 1474 1206 1543 'provocare
1242 1451 1397 1537 soleut¹);
1433 1506 1437 1519 ,

275 1593 489 1658 quamquam,
522 1571 647 1657 quoties
674 1578 868 1655 provocant,
901 1578 938 1631 ut
967 1565 1063 1628 semel
1091 1558 1239 1647 sualua)
1271 1571 1303 1625 et
1320 1560 1399 1625 Gur·

274 1676 398 1764 ausa),
431 1677 479 1740 hie
515 1672 761 1760 Plutarchua⁴)‚
793 1674 886 1737 toties
923 1692 997 1736 eum
1034 1682 1184 1755 tanquam
1215 1666 1401 1731 fidissimum

273 1873 476 1886 -——-

312 1997 339 2062 1)
356 1999 465 2047 Plinium
483 2000 559 2049 etiam
584 2000 612 2047 in
637 2000 708 2047 Hiat.
734 1998 797 2047 Nat.
822 1994 946 2059 quaedam
972 2009 1003 2043 ea
1020 1993 1157 2043 Ptolemaei
1180 2002 1255 2056 opere
1276 1985 1402 2051 hauriam,

273 2086 337 2134 iude
354 2086 476 2151 conjiciat
492 2086 569 2148 licet,
585 2084 655 2148 quod
668 2083 853 2145 interdicitur,
873 2082 919 2145 qui
937 2084 1075 2141 vocantur,
1089 2080 1228 2128 Auctorem
1243 2074 1274 2124 ad
1291 2074 1336 2124 lib.
1355 2073 1403 2122 ΧΠ

275 2174 304 2219 et
320 2170 387 2219 llll
400 2173 562 2231 Ptolemaeos
577 2172 666 2236 Lagus
685 2171 712 2237 (l.
732 2166 811 2235 logi)
830 2171 992 2216 memoratur.
1019 2166 1066 2229 At,
1082 2165 1151 2229 qudd
1167 2163 1272 2211 maxime
1288 2160 1402 2225 mireris,

274 2257 376 2319 ingenti
394 2257 546 2323 scriptorum
563 2272 684 2319 numero,
711 2256 807 2319 quibua
828 2254 978 2303 Athenaeuo
995 2268 1056 2301 uiua
1070 2254 1125 2316 ert,
1144 2244 1403 2299 Ptolemaeuadeluit.

310 2339 337 2406 2)
355 2343 404 2392 Vll
419 2360 445 2408 p.
461 2342 512 2392 462
529 2342 560 2392 A.
576 2343 604 2391 lt.
622 2342 727 2409 (Pragm.
745 2338 800 2406 lt).

311 2424 338 2492 3)
357 2428 399 2476 11.
417 2426 442 2475 5.
455 2425 488 2474 21
508 2429 615 2493 (Fragm.
636 2424 748 2490 mu).

312 2509 339 2575 4)
356 2511 428 2560 Alter
448 2512 521 2559 locua
540 2510 633 2572 legitur
650 2513 722 2561 Oret.
746 2510 777 2559 de
795 2511 870 2560 Atra.
894 2527 916 2559 a.
941 2514 1003 2561 virt.
1022 2528 1044 2562 a.
1053 2511 1121 2571 fort.
1138 2509 1160 2559 1.
1180 2506 1197 2555 3
1217 2501 1404 2573 (Pragm.1V.)‚

272 2596 343 2646 alter
366 2596 415 2645 Via
437 2596 514 2645 Alae.
537 2594 628 2657 mvl,
652 2610 729 2658 quem
751 2597 781 2642 ut
797 2594 911 2643 Charetia
927 2595 1042 2658 reliquiis
1059 2596 1185 2657 interere,
1204 2594 1240 2643 ita
1259 2590 1405 2653 fragmentia

272 2681 415 2731 Ptolemaei
429 2686 456 2730 et
468 2679 609 2729 Ariatolruli
624 2680 726 2729 demere
741 2695 793 2729 non
803 2678 934 2729 dubitari.
959 2679 1051 2742 Agitur
1068 2680 1099 2727 de
1117 2694 1254 2741 congreaau
1270 2674 1405 2726 Alexandri

273 2791 335 2825 cum
357 2776 453 2839 Regina
468 2759 637 2837 Amazonum,
650 2775 730 2838 cujua
743 2775 809 2823 lacta
823 2775 952 2823 mentione
969 2774 1089 2824 Arrianus
1108 2774 1165 2823 vll.
1183 2771 1224 2822 13.
1242 2771 1280 2820 2:
1302 2760 1406 2819 Ταῦτα

275 2858 326 2940 δὲ,
344 2874 444 2939 inquit,
463 2853 539 2922 οὔτε.
549 2854 773 2942 Ἀριστόβουλος
789 2854 857 2921 οὔτε
876 2862 1064 2939 Πτολεμαῖος
1084 2852 1151 2921 οὔτε
1169 2881 1212 2934 τις
1231 2854 1318 2935 ἄλλος
1337 2854 1403 2921 α’νὲ-

274 2978 404 3047 γραψεν,
428 2954 509 3037 ὅστις
536 2956 634 3037 ἱκανός
654 2956 729 3045 ὑπὲρ
751 2964 812 3026 τῶν
832 2956 974 3025 τοιούτων
993 2962 1216 3045 τεκμηριῶσαι·
1236 2958 1307 3024 οὐδὲ
1326 2963 1409 3025 δοκεῖ

274 3088 329 3147 μοι
350 3064 383 3126 ἐν
403 3065 447 3153 τρῖ
470 3060 540 3128 τότε
561 3061 715 3140 σώζεσθαι
736 3061 774 3127 ro*
795 3061 878 3147 γένος
903 3066 965 3127 τῶν
985 3060 1171 3146 Ἀμαζόνων.
1199 3078 1405 3129 simillimorum

275 3166 342 3244 duae
364 3178 427 3228 dicit
449 3179 537 3227 Strabo
562 3178 597 3227 xt
620 3196 646 3244 p.
666 3176 716 3227 771
735 3178 766 3229 A.
784 3180 817 3242 ll,
834 3179 879 3229 ubi
901 3180 1045 3229 Clitarchua
1065 3183 1171 3228 vocatur
1193 3159 1211 3229 d
1231 3162 1329 3250 πατήρ
1351 3168 1406 3229 τοῦ

275 3264 379 3352 λόγου,
398 3291 550 3342 quamquam
570 3276 670 3342 pluma,
691 3281 721 3326 ut
739 3292 797 3327 mox
818 3279 928 3343 patebit,
953 3279 1060 3329 eandem
1082 3280 1200 3329 tabellam
1218 3286 1400 3346 propagarunt3

276 3389 341 3439 quoa
357 3372 402 3437 qui
419 3367 502 3417 secuti
517 3367 582 3431 aiut,
596 3368 708 3417 indicavi
725 3368 821 3417 Durid.
841 3370 943 3433 Italiqq.
961 3383 986 3433 p.
1003 3368 1038 3431 89
1053 3386 1091 3433 aq.
1119 3371 1184 3434 Quid
1202 3386 1261 3419 aero
1276 3370 1294 3419 1.
1311 3370 1329 3421 1.
1346 3372 1405 3422 Plu·

275 3468 397 3519 michae?
418 3448 580 3535 Emerita,
598 3463 647 3528 ait,
664 3445 742 3533 ιιρδς
763 3446 856 3514 αὐτον
867 3448 1029 3535 ἀφικέσθαι
1042 3450 1099 3535 τήν
1112 3447 1270 3532 Ἀμαζόνα
1287 3451 1315 3515 oi
1332 3457 1405 3516 πολ-

275 3557 324 3619 λοὶ
344 3552 490 3639 λέγουσιν,
521 3544 564 3617 οἷν
584 3548 631 3615 ἰιοὶι
654 3548 844 3638 Κλείταρχός
862 3553 927 3617 ἐστι
946 3554 994 3616 καὶ
1014 3549 1198 3640 Πολύκριτος
1218 3554 1268 3617 καὶ
1290 3551 1407 3639 Urunt..

273 3683 373 3744 κριτος
389 3658 438 3722 καὶ
457 3652 627 3741 Ἀντιγένης
646 3658 696 3718 καὶ
709 3649 856 3742 Ἴστρος·
879 3652 1109 3739 Ἀριστόβουλος
1130 3657 1166 3721 δὲ
1186 3659 1235 3721 καὶ
1256 3653 1403 3745 Χάρηςιῖ

274 3758 469 3845 Ιιῖσαγγελαὶς
494 3760 543 3824 καὶ
569 3762 803 3841 Πτολεμαῖος
823 3758 873 3823 καὶ
892 3757 1091 3844 Ἀντικλείδης
1116 3799 1156 3811 -
1182 3757 1305 3844 πλάσμα
1327 3764 1402 3847 φασὶ

273 3861 421 3950 γεγονέναι
449 3865 545 3927 τοῦτο.
582 3862 646 3926 Kal
673 3867 835 3948 μαρτυρεῖν
862 3858 962 3940 αὐτοῖς
989 3859 1077 3927 docter
1104 3860 1308 3951 Ἀλέξανδρος.
1332 3877 1404 3941 Quod

273 3971 356 4034 igitur
375 3971 406 4019 de
428 3968 573 4019 Aristobulo
588 3975 616 4017 et
627 3967 771 4017 Ptolemaeo
788 3968 882 4017 diserte
899 3972 976 4031 negat
994 3969 1115 4019 Arrianus
1121 4007 1129 4034 ,
1151 3987 1209 4020 cum
1224 3971 1345 4020 Strabone
1364 3972 1406 4017 te-

278 4062 423 4119 atatuasae
433 4055 485 4104 tide
500 4054 603 4117 dignum
619 4052 767 4103 hiatoricum
782 4055 905 4120 repetitae
921 4055 1089 4120 nullum,qui
1103 4056 1172 4106 illam
1188 4052 1402 4107 narratiunculam

277 4142 414 4191 memoriae
435 4140 601 4207 prodidiaaet3
628 4139 653 4187 id
677 4145 766 4189 contra
788 4156 803 4189 a
826 4140 973 4190 Plutarcho
989 4141 1024 4190 ita
1049 4142 1198 4193 affirmatum
1222 4143 1350 4201 videmur,
1374 4143 1404 4187 ut

274 4232 378 4295 praeter
394 4228 457 4277 alica
474 4226 618 4290 complure·
634 4225 795 4274 Ariatobulua
814 4231 841 4275 et
859 4226 1019 4277 Ptolemaeus
1033 4228 1060 4277 in
1078 4230 1130 4277 auia
1148 4234 1256 4292 uterque
1274 4240 1404 4275 commen-

275 4315 346 4363 tariia
365 4314 521 4363 mentionem
543 4311 695 4359 Amazonum
718 4312 837 4376 injeciate
861 4317 888 4362 et
913 4313 1071 4377 reliquorum
1090 4317 1241 4380 acriptorum
1261 4317 1402 4362 commenta

274 4402 411 4467 exploaiaae
428 4400 571 4449 rideantur.
598 4399 665 4461 Quae
683 4402 767 4448 tamen
784 4399 816 4447 lia
832 4400 901 4448 taciti
919 4416 995 4465 opera
1012 4402 1183 4466 componitur,
1201 4401 1222 4448 ai
1238 4398 1403 4449 Plutarchum

275 4487 518 4547 atatuimuaomuea,
532 4483 643 4546 quirem
656 4483 696 4531 vel
710 4501 763 4533 nou
781 4491 1008 4535 commemorarent
1016 4486 1058 4536 rel
1071 4489 1210 4549 negarent,
1227 4484 1402 4549 conjunxiaae,

275 4588 304 4634 et
321 4581 397 4631 verba
417 4581 488 4645 ejua,
513 4561 636 4647 πλάσμα
658 4566 733 4651 φασὶ
754 4564 899 4651 γεγονέναι
921 4570 1023 4645 τοῦτο,
1048 4582 1079 4631 de
1100 4580 1245 4630 Ariatobulo
1266 4582 1354 4631 aaltem
1376 4588 1402 4629 et

273 4671 420 4722 Ptolemaeo
436 4672 471 4720 ita
486 4673 637 4736 accipimur,
656 4673 726 4737 quari
743 4673 790 4722 hoa
808 4674 913 4724 cilentio
929 4674 1068 4723 declaratae
1085 4669 1190 4735 dixerit,
1210 4686 1263 4721 rem
1283 4672 1353 4720 illam
1370 4672 1401 4720 de

273 4759 428 4808 Amazonum
440 4762 603 4821 geutetotam
621 4774 675 4807 erae
692 4761 896 4810 commentitiam.
917 4762 979 4809 lltut
997 4764 1049 4823 eat,
1061 4757 1159 4809 Arriani
1173 4760 1309 4811 auctoritas
1323 4771 1401 4820 quum
