3617 5892
881 722 900 781 'l

327 918 362 960 so
378 892 589 960 Arrhidaeum
600 914 697 980 quam
707 891 923 959 Alexandrum
941 898 1157 959 'successorem
1167 892 1264 957 malle
1275 888 1450 972 ridebatur,

328 1001 527 1066 Ptolemaeus
552 1020 627 1065 cunr
651 999 806 1085 llarpalo,
832 998 978 1065 Nearcho
999 999 1133 1085 aliisque
1157 997 1356 1063 nobilissimis
1379 997 1452 1063 siris

329 1117 440 1171 auctor
459 1105 577 1191 exstitit
599 1104 798 1184 Alexandro,
818 1116 855 1187 pt
873 1104 1069 1171 clandestina
1095 1102 1193 1189 patris
1219 1102 1349 1168 consilia
1371 1102 1453 1169 clam

326 1214 415 1277 irrita
435 1212 582 1278 iaceret.x
599 1212 690 1294 Quae
710 1210 835 1277 detecta
857 1211 1050 1297 conspiratio
1075 1209 1158 1273 male
1177 1209 1360 1273 auctoribus
1383 1230 1451 1275 ces·

326 1319 383 1398 sit,
400 1316 558 1403 siquidem
573 1317 755 1403 Philippus,
775 1328 905 1403 propter
925 1317 1107 1381 frustratam
1122 1305 1211 1400 spem
1225 1314 1272 1378 ira
1287 1314 1451 1397 incensus,

326 1446 434 1489 omnes
456 1424 529 1488 illos
548 1444 606 1509 pro
631 1423 732 1487 invisa
749 1424 810 1508 ipsi
828 1445 904 1508 erga
921 1420 1136 1488 Alexandrum
1156 1418 1220 1483 fide
1240 1421 1350 1485 exsilio
1368 1422 1452 1485 mul-

325 1530 435 1597 ctavit.
455 1531 544 1594 Hanc
555 1540 661 1593 auteur
679 1530 778 1615 patris
792 1529 994 1598 ,severitatem
1012 1538 1048 1593 ut
1068 1538 1136 1591 tum
1154 1524 1258 1589 doluit
1272 1524 1346 1609 jure
1358 1527 1452 1593 Alen·

323 1636 442 1716 ander,
464 1638 508 1701 ita
534 1637 584 1700 vix
609 1636 676 1724 ipse
695 1657 830 1721 regnum
857 1637 1001 1721 accepit,
1025 1636 1105 1722 quin
1129 1632 1346 1697 Ptolemaeum
1366 1643 1452 1717 eete-

323 1764 442 1828 rosque
461 1742 625 1807 fidissimos
641 1742 760 1806 amicos
779 1764 843 1805 uon
864 1752 1028 1807 revocaret
1051 1750 1175 1806 tantum
1192 1736 1233 1803 ab
1251 1738 1377 1817 exsilio,
1397 1737 1453 1803 sed

323 1842 467 1913 maximis
482 1847 656 1913 honoribus
675 1846 953 1935 condecoraret1).
977 1849 1017 1913 Et
1035 1848 1068 1910 iu
1086 1844 1303 1911 Ptolemaeum
1322 1842 1453 1931 quidem

323 1955 463 2040 primum
480 1952 832 2019 honorificentissimum
848 1942 1016 2040 Edsc'espov
1033 1974 1089 2019 seu
1107 1951 1188 2037 regii
1205 1950 1453 2037 praegustatoris

322 2056 439 2125 munus
466 2058 658 2147 contulit²);
686 2060 803 2125 deinde
822 2082 913 2140 vero,
935 2062 1020 2126 sicto
1042 2060 1106 2145 jam
1127 2058 1222 2123 Dario
1241 2068 1274 2121 et
1296 2057 1454 2143 pateiaeta

321 2167 544 2250 conjuratione
565 2167 726 2247 Philotae,
755 2190 784 2235 a.
811 2171 877 2233 330
898 2189 973 2233 eum
998 2168 1032 2231 in
1060 2164 1185 2229 virtutis
1213 2163 1389 2248 praemium
1412 2161 1454 2227 ad

321 2294 502 2359 supremam
520 2272 661 2338 omnium
682 2274 785 2338 erexit
804 2261 1092 2359 Σωματοφὺλακος
1109 2266 1350 2357 dignitatemt).
1381 2268 1454 2335 Fuit

321 2380 409 2442 enim
426 2378 605 2443 Alexandro
625 2357 700 2443 inde
722 2382 763 2444 ab
781 2380 871 2444 initio
890 2377 1037 2441 laborum
1057 2378 1177 2457 socius,
1201 2376 1360 2463 bellisque
1377 2394 1453 2439 con·

322 2496 373 2546 tra
393 2482 547 2561 Thraces,
565 2484 737 2564 Triballos,
756 2484 867 2561 Getas,
884 2483 1049 2547 Thebanos
1069 2484 1213 2569 aliasque
1232 2492 1342 2568 gentes
1357 2480 1453 2567 gestis

322 2588 472 2651 omnihus
492 2588 560 2653 dux
578 2588 742 2669 interfuit,
761 2580 864 2675 eaque
886 2586 986 2651 edidit
1006 2589 1115 2672 quovis
1135 2590 1169 2653 in
1188 2587 1369 2653 discrimine
1387 2586 1453 2651 ala·

320 2694 445 2758 enitatis
461 2703 492 2756 et
510 2693 706 2758 sorutudinis
720 2694 911 2779 specimina,
928 2690 1236 2756 utdeindeetiamin
1254 2690 1453 2777 expeditione

320 2799 472 2863 adversus
499 2800 631 2864 Darium
661 2810 693 2864 et
716 2799 810 2863 Asiae
830 2809 941 2885 gentes
961 2809 1107 2882 suscepta
1128 2795 1307 2861 Alexander
1327 2794 1367 2859 ad
1386 2817 1454 2859 nra-

320 2906 405 2969 xima
422 2926 569 2991 quaeque
588 2904 772 2991 peragenda
789 2904 876 2969 haud
896 2925 967 2968 raro
987 2902 1158 2967 Ptolemaei
1181 2922 1277 2987 opera
1296 2911 1451 2969 uteretur.

320 3011 376 3075 Sic
395 3032 424 3078 v.
452 3032 482 3079 c.
509 3012 641 3075 Bessum
660 3012 858 3097 proditorem
880 3010 1031 3096 persequi
1047 3009 1154 3092 jussus
1175 3019 1261 3073 tanta
1280 2994 1454 3092 ¹prudentia

321 3118 521 3181 Ptolemaeus
544 3118 703 3182 nefarium
725 3118 886 3181 hominem
916 3115 1143 3193 circumvenit,
1168 3124 1204 3179 ut
1222 3114 1306 3177 intra
1327 3113 1452 3197 paucis·

320 3224 416 3286 simos
431 3223 498 3287 dies
517 3233 548 3286 et
564 3224 631 3286 sine
648 3222 715 3288 ullo
736 3222 909 3287 certamine
929 3232 1057 3307 captum
1076 3221 1282 3305 vinctumque
1300 3218 1339 3283 ad
1356 3219 1452 3282 Alex·

301 3328 457 3393 andrum
487 3325 676 3414 deferrettl.
710 3328 747 3391 ln
768 3326 931 3393 Chorienis
953 3331 1060 3389 autern
1091 3334 1180 3410 petra
1201 3325 1374 3414 Aorncque
1398 3326 1453 3387 ex·'

322 3431 538 3521 pugnaudist)
564 3432 774 3499 aPtolemaei
799 3430 988 3497 fortitudine
1016 3440 1048 3493 et
1074 3440 1167 3494 cauta
1191 3427 1306 3515 agendi
1330 3428 1452 3492 ratione

320 3542 494 3627 plurimum
522 3540 590 3625 opis
611 3537 961 3621 Alexandrolaccessit.
1002 3537 1062 3605 Vix
1090 3546 1201 3600 curato
1229 3531 1314 3619 quod
1341 3534 1478 3597 reeens¹

321 3656 490 3732 acceperat
512 3643 695 3733 vulneret),
718 3644 923 3731 Aspasioium
943 3640 1058 3707 ducem
1079 3640 1309 3707 ferocissimum
1330 3639 1450 3727 proelio

322 3826 524 3839 ..nn-nunnun-

354 3916 381 3981 1)
399 3915 529 3966 Plutarch.
551 3917 600 3965 Vis.
619 3916 697 3968 Alea.
714 3915 746 3979 X,
764 3928 876 3981 quocum
893 3913 927 3962 ci.
946 3912 1045 3963 Arrian.
1064 3911 1110 3961 lll.
1128 3908 1153 3961 6.
1173 3910 1198 3961 5.

353 4002 380 4068 2)
398 4002 546 4057 Athenaeus
563 4002 597 4050 tv
620 4017 645 4065 p.
663 4000 712 4051 171
732 4002 750 4049 ll
771 4000 879 4067 (Pragm.
899 3997 971 4050 Char.
988 3994 1055 4063 ΙΙΙ.)
1074 3997 1139 4046 Satis
1153 3996 1239 4063 inepte
1257 3992 1451 4047 Sanctocrucius
1483 4030 1488 4039 .

244 4128 249 4135 ·
321 4101 426 4163 (Beona.
445 4101 505 4150 orit.
525 4097 567 4147 ed.
589 4096 631 4145 2Ιθ
649 4114 675 4162 p.
700 4095 770 4161 517.)
793 4083 938 4167 Σωτῆρος
960 4110 1116 4159 cognomen,
1142 4094 1173 4143 de
1195 4110 1246 4159 qno
1262 4094 1327 4143 inira
1344 4072 1447 4151 agamur

319 4201 467 4251 Ptolemaeo
485 4200 517 4250 ab
534 4181 689 4269 Έδεάτρου
706 4215 813 4249 munere
830 4201 918 4250 datum
935 4198 1010 4248 luisse
1026 4198 1176 4264 suspicatur.

355 4288 382 4354 3)
400 4291 498 4342 Arriae.
514 4293 561 4343 lll.
577 4290 619 4341 27.
638 4290 673 4340 5’

356 4375 382 4441 A)
401 4379 419 4426 l.
438 4378 456 4428 l.
472 4376 515 4428 30.
533 4375 565 4427 1-
583 4378 600 4427 5
618 4378 725 4445 (Fragm.
743 4376 808 4425 Ptol.
828 4373 905 4439 ult).

343 4462 382 4525 .5)
400 4463 499 4513 Arrian.
515 4466 557 4515 tv.
574 4462 617 4515 21.
634 4462 664 4528 4,
678 4462 721 4512 29.
738 4461 813 4511 1-6.

356 4548 382 4614 6)
401 4549 419 4599 l.
437 4550 455 4599 l.
474 4548 516 4600 23.
540 4549 565 4601 3.
601 4552 637 4599 lle
654 4550 706 4599 alio
725 4550 849 4610 vulnere,
867 4548 937 4611 quod
954 4547 984 4595 ad
1004 4544 1179 4595 llarmatelimu
1196 4540 1288 4601 urbem¹
1305 4540 1457 4589 Ptolemaeo·

321 4636 479 4700 instigatum,
495 4636 528 4687 ab
546 4637 688 4687 Alexandro
705 4640 789 4686 autem
804 4640 918 4686 anatum
935 4634 1036 4697 quidam
1055 4632 1198 4693 finxerunt,
1211 4628 1268 4677 side
1282 4644 1346 4692 qnae
1364 4627 1449 4690 dispu-

322 4727 360 4772 tat
374 4721 479 4772 tleierus
496 4740 522 4788 p.
540 4721 646 4787 tteqq.
