<?xml version="1.0" encoding="UTF-8"?>
<!DOCTYPE html PUBLIC "-//W3C//DTD XHTML 1.0 Transitional//EN"
    "http://www.w3.org/TR/xhtml1/DTD/xhtml1-transitional.dtd">
<html xmlns="http://www.w3.org/1999/xhtml" xml:lang="en" lang="en">
 <head>
  <title>
</title>
<meta http-equiv="Content-Type" content="text/html;charset=utf-8" />
  <meta name='ocr-system' content='tesseract 3.04.00' />
  <meta name='ocr-capabilities' content='ocr_page ocr_carea ocr_par ocr_line ocrx_word'/>
</head>
<body>
  <div class='ocr_page' id='page_1' title='image "./ptolemaeieordae00chargoog/ptolemaeieordae00chargoog_0177.png"; bbox 0 0 3617 5892; ppageno 0'>
   <div class='ocr_carea' id='block_1_1' title="bbox 805 677 904 756">
    <p class='ocr_par' dir='ltr' id='par_1_1' title="bbox 805 677 904 756">
     <span class='ocr_line' id='line_1_1' title="bbox 805 677 904 756; baseline 0.02 -20"><span class='ocrx_word' id='word_1_1' title='bbox 805 677 904 756; x_wconf 70' lang='lat' dir='ltr'><strong>uso</strong></span> 
     </span>
    </p>
   </div>
   <div class='ocr_carea' id='block_1_2' title="bbox 290 845 1409 965">
    <p class='ocr_par' dir='ltr' id='par_1_2' title="bbox 290 845 1409 965">
     <span class='ocr_line' id='line_1_2' title="bbox 290 845 1409 965; baseline -0.002 -54"><span class='ocrx_word' id='word_1_2' title='bbox 290 873 362 914; x_wconf 84' lang='lat' dir='ltr'><strong>nam</strong></span> <span class='ocrx_word' id='word_1_3' title='bbox 377 851 408 911; x_wconf 90' lang='lat' dir='ltr'><strong>in</strong></span> <span class='ocrx_word' id='word_1_4' title='bbox 426 850 518 912; x_wconf 87' lang='lat' dir='ltr'><strong>ilium</strong></span> <span class='ocrx_word' id='word_1_5' title='bbox 534 849 668 912; x_wconf 72' lang='lat' dir='ltr'><strong>fluuium</strong></span> <span class='ocrx_word' id='word_1_6' title='bbox 679 860 735 913; x_wconf 86' lang='lat' dir='ltr'><strong>ont</strong></span> <span class='ocrx_word' id='word_1_7' title='bbox 746 861 834 913; x_wconf 86' lang='lat' dir='ltr'><strong>certo</strong></span> <span class='ocrx_word' id='word_1_8' title='bbox 844 851 878 911; x_wconf 90' lang='lat' dir='ltr'><strong>in</strong></span> <span class='ocrx_word' id='word_1_9' title='bbox 888 848 1034 913; x_wconf 78' lang='lat' dir='ltr'><strong>insomni</strong></span> <span class='ocrx_word' id='word_1_10' title='bbox 1044 848 1220 965; x_wconf 81' lang='lat' dir='ltr'><strong>proximum</strong></span> <span class='ocrx_word' id='word_1_11' title='bbox 1231 845 1409 912; x_wconf 66' lang='lat' dir='ltr'><strong>Phutthon-</strong></span> 
     </span>
    </p>
   </div>
   <div class='ocr_carea' id='block_1_3' title="bbox 288 952 1411 1148">
    <p class='ocr_par' dir='ltr' id='par_1_3' title="bbox 288 952 1410 1148">
     <span class='ocr_line' id='line_1_3' title="bbox 289 952 1410 1061; baseline 0 -43"><span class='ocrx_word' id='word_1_12' title='bbox 289 967 354 1020; x_wconf 91' lang='lat' dir='ltr'><strong>tem</strong></span> <span class='ocrx_word' id='word_1_13' title='bbox 374 953 543 1061; x_wconf 80' lang='lat' dir='ltr'><strong>delapsum</strong></span> <span class='ocrx_word' id='word_1_14' title='bbox 557 975 623 1019; x_wconf 89' lang='lat' dir='ltr'><strong>osse</strong></span> <span class='ocrx_word' id='word_1_15' title='bbox 645 965 774 1019; x_wconf 82' lang='lat' dir='ltr'><strong>narrant</strong></span> <span class='ocrx_word' id='word_1_16' title='bbox 790 975 910 1024; x_wconf 91' lang='lat' dir='ltr'><strong>omnes.</strong></span> <span class='ocrx_word' id='word_1_17' title='bbox 933 953 1049 1022; x_wconf 78' lang='lat' dir='ltr'>Chares</span> <span class='ocrx_word' id='word_1_18' title='bbox 1066 953 1232 1019; x_wconf 85' lang='lat' dir='ltr'><strong>tuntumin</strong></span> <span class='ocrx_word' id='word_1_19' title='bbox 1244 952 1410 1040; x_wconf 76' lang='lat' dir='ltr'><strong>Aethiopia</strong></span> 
     </span>
     <span class='ocr_line' id='line_1_4' title="bbox 288 1041 1411 1148; baseline -0.003 -22"><span class='ocrx_word' id='word_1_20' title='bbox 288 1062 492 1126; x_wconf 74' lang='lat' dir='ltr'><em>Hammonis</em></span> <span class='ocrx_word' id='word_1_21' title='bbox 508 1041 581 1125; x_wconf 79' lang='lat' dir='ltr'><strong>etim</strong></span> <span class='ocrx_word' id='word_1_22' title='bbox 597 1061 713 1132; x_wconf 87' lang='lat' dir='ltr'><strong>obiisse</strong></span> <span class='ocrx_word' id='word_1_23' title='bbox 732 1072 886 1142; x_wconf 57' lang='lat' dir='ltr'><strong>testatum</strong></span> <span class='ocrx_word' id='word_1_24' title='bbox 907 1083 971 1148; x_wconf 91' lang='lat' dir='ltr'><strong>quo</strong></span> <span class='ocrx_word' id='word_1_25' title='bbox 991 1073 1096 1125; x_wconf 82' lang='lat' dir='ltr'><strong>temen</strong></span> <span class='ocrx_word' id='word_1_26' title='bbox 1114 1060 1241 1124; x_wconf 86' lang='lat' dir='ltr'><strong>nomine</strong></span> <span class='ocrx_word' id='word_1_27' title='bbox 1262 1081 1325 1124; x_wconf 92' lang='lat' dir='ltr'><strong>non</strong></span> <span class='ocrx_word' id='word_1_28' title='bbox 1343 1081 1411 1124; x_wconf 88' lang='lat' dir='ltr'><strong>me-</strong></span> 
     </span>
    </p>
   </div>
   <div class='ocr_carea' id='block_1_4' title="bbox 180 1166 1411 1358">
    <p class='ocr_par' dir='ltr' id='par_1_4' title="bbox 180 1166 1411 1358">
     <span class='ocr_line' id='line_1_5' title="bbox 180 1166 1411 1258; baseline 0.003 -32"><span class='ocrx_word' id='word_1_29' title='bbox 180 1190 186 1226; x_wconf 94' lang='grc'><strong>·.</strong></span> <span class='ocrx_word' id='word_1_30' title='bbox 288 1168 366 1232; x_wconf 90' lang='lat' dir='ltr'><strong>mini</strong></span> <span class='ocrx_word' id='word_1_31' title='bbox 391 1191 409 1232; x_wconf 83' lang='lat' dir='ltr'>a</span> <span class='ocrx_word' id='word_1_32' title='bbox 436 1188 598 1258; x_wconf 80' lang='lat' dir='ltr'><strong>quoquam</strong></span> <span class='ocrx_word' id='word_1_33' title='bbox 623 1166 823 1252; x_wconf 77' lang='lat' dir='ltr'><strong>Aethiopiam</strong></span> <span class='ocrx_word' id='word_1_34' title='bbox 845 1167 1019 1253; x_wconf 81' lang='lat' dir='ltr'><strong>appellari,</strong></span> <span class='ocrx_word' id='word_1_35' title='bbox 1050 1188 1110 1232; x_wconf 86' lang='lat' dir='ltr'><strong>neo</strong></span> <span class='ocrx_word' id='word_1_36' title='bbox 1138 1185 1229 1252; x_wconf 86' lang='lat' dir='ltr'><strong>posse</strong></span> <span class='ocrx_word' id='word_1_37' title='bbox 1257 1166 1411 1250; x_wconf 83' lang='lat' dir='ltr'><strong>appellari</strong></span> 
     </span>
     <span class='ocr_line' id='line_1_6' title="bbox 180 1272 1409 1358; baseline 0 -21"><span class='ocrx_word' id='word_1_38' title='bbox 180 1296 183 1301; x_wconf 88' lang='lat'>·</span> <span class='ocrx_word' id='word_1_39' title='bbox 287 1284 377 1357; x_wconf 85' lang='lat' dir='ltr'><strong>puto.</strong></span> <span class='ocrx_word' id='word_1_40' title='bbox 400 1274 451 1337; x_wconf 85' lang='lat' dir='ltr'><strong>Nil</strong></span> <span class='ocrx_word' id='word_1_41' title='bbox 469 1275 585 1337; x_wconf 90' lang='lat' dir='ltr'><strong>mirum</strong></span> <span class='ocrx_word' id='word_1_42' title='bbox 607 1272 702 1351; x_wconf 85' lang='lat' dir='ltr'><strong>adeo,</strong></span> <span class='ocrx_word' id='word_1_43' title='bbox 731 1273 757 1336; x_wconf 87' lang='lat' dir='ltr'><strong>si</strong></span> <span class='ocrx_word' id='word_1_44' title='bbox 777 1275 810 1336; x_wconf 91' lang='lat' dir='ltr'><strong>in</strong></span> <span class='ocrx_word' id='word_1_45' title='bbox 826 1275 967 1338; x_wconf 79' lang='lat' dir='ltr'><strong>alienum</strong></span> <span class='ocrx_word' id='word_1_46' title='bbox 985 1273 1092 1339; x_wconf 88' lang='lat' dir='ltr'><strong>locum</strong></span> <span class='ocrx_word' id='word_1_47' title='bbox 1113 1293 1148 1336; x_wconf 81' lang='lat' dir='ltr'><strong>en</strong></span> <span class='ocrx_word' id='word_1_48' title='bbox 1168 1293 1227 1336; x_wconf 83' lang='lat' dir='ltr'><strong>vox</strong></span> <span class='ocrx_word' id='word_1_49' title='bbox 1242 1272 1409 1358; x_wconf 82' lang='lat' dir='ltr'><strong>migravit,</strong></span> 
     </span>
    </p>
   </div>
   <div class='ocr_carea' id='block_1_5' title="bbox 181 1365 1501 2520">
    <p class='ocr_par' dir='ltr' id='par_1_5' title="bbox 181 1365 1501 2520">
     <span class='ocr_line' id='line_1_7' title="bbox 181 1365 1411 1469; baseline 0.001 -27"><span class='ocrx_word' id='word_1_50' title='bbox 181 1428 183 1431; x_wconf 86' lang='grc'>-</span> <span class='ocrx_word' id='word_1_51' title='bbox 287 1391 358 1464; x_wconf 86' lang='lat' dir='ltr'><strong>post</strong></span> <span class='ocrx_word' id='word_1_52' title='bbox 379 1377 755 1464; x_wconf 72' lang='lat' dir='ltr'><strong>oraculumooponendo</strong></span> <span class='ocrx_word' id='word_1_53' title='bbox 772 1400 780 1442; x_wconf 95' lang='lat'>:</span> <span class='ocrx_word' id='word_1_54' title='bbox 799 1401 872 1444; x_wconf 85' lang='lat' dir='ltr'><strong>nom</strong></span> <span class='ocrx_word' id='word_1_55' title='bbox 888 1391 1015 1469; x_wconf 80' lang='lat' dir='ltr'><strong>praeter</strong></span> <span class='ocrx_word' id='word_1_56' title='bbox 1034 1365 1411 1465; x_wconf 76' lang='lat' dir='ltr'><strong>celebretiisimumillud</strong></span> 
     </span>
     <span class='ocr_line' id='line_1_8' title="bbox 288 1475 1501 1577; baseline 0.001 -29"><span class='ocrx_word' id='word_1_57' title='bbox 288 1485 449 1577; x_wconf 84' lang='lat' dir='ltr'><strong>Ammonis</strong></span> <span class='ocrx_word' id='word_1_58' title='bbox 474 1477 639 1550; x_wconf 84' lang='lat' dir='ltr'><strong>oraculum</strong></span> <span class='ocrx_word' id='word_1_59' title='bbox 664 1486 696 1548; x_wconf 93' lang='lat' dir='ltr'><strong>in</strong></span> <span class='ocrx_word' id='word_1_60' title='bbox 723 1485 839 1572; x_wconf 84' lang='lat' dir='ltr'>Libya,</span> <span class='ocrx_word' id='word_1_61' title='bbox 868 1487 1005 1552; x_wconf 80' lang='lat' dir='ltr'><strong>alterum</strong></span> <span class='ocrx_word' id='word_1_62' title='bbox 1024 1475 1165 1570; x_wconf 78' lang='lat' dir='ltr'><strong>ejusdem</strong></span> <span class='ocrx_word' id='word_1_63' title='bbox 1185 1485 1244 1548; x_wconf 86' lang='lat' dir='ltr'><strong>Dei</strong></span> <span class='ocrx_word' id='word_1_64' title='bbox 1265 1484 1411 1550; x_wconf 81' lang='lat' dir='ltr'><strong>fuissein</strong></span> <span class='ocrx_word' id='word_1_65' title='bbox 1496 1563 1501 1576; x_wconf 83' lang='lat'><strong>.</strong></span> 
     </span>
     <span class='ocr_line' id='line_1_9' title="bbox 287 1587 1409 1680; baseline 0.002 -26"><span class='ocrx_word' id='word_1_66' title='bbox 287 1590 478 1677; x_wconf 76' lang='lat' dir='ltr'><strong>Aethiopum</strong></span> <span class='ocrx_word' id='word_1_67' title='bbox 494 1591 661 1676; x_wconf 79' lang='lat' dir='ltr'><strong>metropoli</strong></span> <span class='ocrx_word' id='word_1_68' title='bbox 676 1593 797 1671; x_wconf 69' lang='lat' dir='ltr'><strong>Meroe,</strong></span> <span class='ocrx_word' id='word_1_69' title='bbox 814 1593 865 1656; x_wconf 80' lang='lat' dir='ltr'><strong>vel</strong></span> <span class='ocrx_word' id='word_1_70' title='bbox 883 1614 921 1656; x_wconf 83' lang='lat' dir='ltr'><strong>ex</strong></span> <span class='ocrx_word' id='word_1_71' title='bbox 930 1591 1091 1657; x_wconf 87' lang='lat' dir='ltr'><strong>Herodoto</strong></span> <span class='ocrx_word' id='word_1_72' title='bbox 1106 1591 1161 1680; x_wconf 88' lang='lat'><strong>(11.</strong></span> <span class='ocrx_word' id='word_1_73' title='bbox 1175 1593 1235 1669; x_wconf 84' lang='grc'><strong>29,</strong></span> <span class='ocrx_word' id='word_1_74' title='bbox 1255 1587 1409 1678; x_wconf 71' lang='lat' dir='ltr'><strong>coll.,42.)</strong></span> 
     </span>
     <span class='ocr_line' id='line_1_10' title="bbox 286 1694 1409 1785; baseline 0.002 -24"><span class='ocrx_word' id='word_1_75' title='bbox 286 1697 393 1783; x_wconf 80' lang='lat' dir='ltr'><strong>polam</strong></span> <span class='ocrx_word' id='word_1_76' title='bbox 410 1708 474 1777; x_wconf 85' lang='lat' dir='ltr'><strong>est3</strong></span> <span class='ocrx_word' id='word_1_77' title='bbox 497 1698 613 1785; x_wconf 91' lang='lat' dir='ltr'><strong>quibus</strong></span> <span class='ocrx_word' id='word_1_78' title='bbox 634 1699 760 1763; x_wconf 85' lang='lat' dir='ltr'><strong>tertium</strong></span> <span class='ocrx_word' id='word_1_79' title='bbox 783 1700 817 1763; x_wconf 92' lang='lat' dir='ltr'><strong>io</strong></span> <span class='ocrx_word' id='word_1_80' title='bbox 838 1698 987 1765; x_wconf 82' lang='lat' dir='ltr'><strong>Numidia</strong></span> <span class='ocrx_word' id='word_1_81' title='bbox 1010 1698 1098 1764; x_wconf 80' lang='lat' dir='ltr'><strong>addit</strong></span> <span class='ocrx_word' id='word_1_82' title='bbox 1114 1698 1231 1784; x_wconf 82' lang='lat' dir='ltr'><strong>virgil.</strong></span> <span class='ocrx_word' id='word_1_83' title='bbox 1251 1694 1336 1764; x_wconf 82' lang='grc' dir='ltr'><em>Αιιι.</em></span> <span class='ocrx_word' id='word_1_84' title='bbox 1352 1697 1409 1765; x_wconf 90' lang='lat' dir='ltr'><strong>IV.</strong></span> 
     </span>
     <span class='ocr_line' id='line_1_11' title="bbox 288 1803 1412 1890; baseline 0.002 -24"><span class='ocrx_word' id='word_1_85' title='bbox 288 1804 353 1868; x_wconf 83' lang='grc'><strong>198</strong></span> <span class='ocrx_word' id='word_1_86' title='bbox 369 1824 457 1890; x_wconf 87' lang='lat' dir='ltr'><strong>sqq.‚</strong></span> <span class='ocrx_word' id='word_1_87' title='bbox 477 1804 534 1868; x_wconf 93' lang='lat' dir='ltr'><strong>ubi</strong></span> <span class='ocrx_word' id='word_1_88' title='bbox 553 1804 592 1870; x_wconf 81' lang='lat' dir='ltr'><strong>ci.</strong></span> <span class='ocrx_word' id='word_1_89' title='bbox 611 1805 749 1871; x_wconf 73' lang='lat' dir='ltr'><strong>Servius.</strong></span> <span class='ocrx_word' id='word_1_90' title='bbox 767 1806 845 1871; x_wconf 82' lang='lat' dir='ltr'><strong>Cum</strong></span> <span class='ocrx_word' id='word_1_91' title='bbox 857 1805 1089 1872; x_wconf 67' lang='lat' dir='ltr'><strong>Phaethonteae</strong></span> <span class='ocrx_word' id='word_1_92' title='bbox 1108 1803 1235 1870; x_wconf 75' lang='lat' dir='ltr'><strong>fabulae</strong></span> <span class='ocrx_word' id='word_1_93' title='bbox 1253 1803 1412 1889; x_wconf 83' lang='lat' dir='ltr'><strong>interpre-</strong></span> 
     </span>
     <span class='ocr_line' id='line_1_12' title="bbox 287 1904 1408 1998; baseline 0.002 -24"><span class='ocrx_word' id='word_1_94' title='bbox 287 1910 424 1990; x_wconf 78' lang='lat' dir='ltr'><strong>tatione,</strong></span> <span class='ocrx_word' id='word_1_95' title='bbox 443 1912 570 1998; x_wconf 82' lang='lat' dir='ltr'><strong>qunlem</strong></span> <span class='ocrx_word' id='word_1_96' title='bbox 588 1912 715 1982; x_wconf 79' lang='lat' dir='ltr'><strong>Choreti</strong></span> <span class='ocrx_word' id='word_1_97' title='bbox 732 1904 890 1996; x_wconf 83' lang='lat' dir='ltr'><strong>pieouisse</strong></span> <span class='ocrx_word' id='word_1_98' title='bbox 901 1913 1023 1978; x_wconf 82' lang='lat' dir='ltr'><strong>Plinius</strong></span> <span class='ocrx_word' id='word_1_99' title='bbox 1034 1909 1408 1998; x_wconf 80' lang='lat' dir='ltr'><strong>perobscureindioovit,</strong></span> 
     </span>
     <span class='ocr_line' id='line_1_13' title="bbox 284 2016 1411 2105; baseline -0.006 -18"><span class='ocrx_word' id='word_1_100' title='bbox 284 2016 487 2102; x_wconf 67' lang='lat' dir='ltr'><strong>aliquatenus</strong></span> <span class='ocrx_word' id='word_1_101' title='bbox 515 2018 647 2084; x_wconf 78' lang='lat' dir='ltr'><strong>fortasse</strong></span> <span class='ocrx_word' id='word_1_102' title='bbox 673 2017 862 2100; x_wconf 82' lang='lat' dir='ltr'><strong>cohaerent,</strong></span> <span class='ocrx_word' id='word_1_103' title='bbox 890 2040 974 2105; x_wconf 81' lang='lat' dir='ltr'><strong>quae</strong></span> <span class='ocrx_word' id='word_1_104' title='bbox 1004 2017 1044 2083; x_wconf 90' lang='lat' dir='ltr'><strong>de</strong></span> <span class='ocrx_word' id='word_1_105' title='bbox 1070 2016 1279 2103; x_wconf 83' lang='lat' dir='ltr'><strong>Aethiopibus</strong></span> <span class='ocrx_word' id='word_1_106' title='bbox 1303 2016 1411 2082; x_wconf 85' lang='lat' dir='ltr'><strong>Solem</strong></span> 
     </span>
     <span class='ocr_line' id='line_1_14' title="bbox 288 2112 1412 2210; baseline 0.001 -25"><span class='ocrx_word' id='word_1_107' title='bbox 288 2123 389 2188; x_wconf 81' lang='lat' dir='ltr'><strong>exosis</strong></span> <span class='ocrx_word' id='word_1_108' title='bbox 410 2123 542 2190; x_wconf 80' lang='lat' dir='ltr'><strong>adduxit</strong></span> <span class='ocrx_word' id='word_1_109' title='bbox 559 2125 673 2192; x_wconf 80' lang='lat' dir='ltr'><strong>Strabo</strong></span> <span class='ocrx_word' id='word_1_110' title='bbox 693 2125 785 2194; x_wconf 83' lang='lat' dir='ltr'>XVII</span> <span class='ocrx_word' id='word_1_111' title='bbox 806 2147 838 2210; x_wconf 91' lang='lat' dir='ltr'><strong>p.</strong></span> <span class='ocrx_word' id='word_1_112' title='bbox 863 2129 948 2191; x_wconf 86' lang='lat'>1178</span> <span class='ocrx_word' id='word_1_113' title='bbox 968 2128 1007 2193; x_wconf 92' lang='lat' dir='ltr'><strong>A.</strong></span> <span class='ocrx_word' id='word_1_114' title='bbox 1031 2127 1106 2190; x_wconf 83' lang='lat' dir='ltr'><strong>Esse</strong></span> <span class='ocrx_word' id='word_1_115' title='bbox 1125 2126 1209 2188; x_wconf 89' lang='lat' dir='ltr'><strong>enim</strong></span> <span class='ocrx_word' id='word_1_116' title='bbox 1227 2112 1284 2195; x_wconf 76' lang='grc' dir='ltr'><strong>οὕς</strong></span> <span class='ocrx_word' id='word_1_117' title='bbox 1303 2141 1340 2207; x_wconf 68' lang='grc' dir='ltr'><strong>γε</strong></span> <span class='ocrx_word' id='word_1_118' title='bbox 1357 2117 1412 2186; x_wconf 83' lang='grc' dir='ltr'><strong>καλ</strong></span> 
     </span>
     <span class='ocr_line' id='line_1_15' title="bbox 285 2218 1411 2317; baseline -0.001 -27"><span class='ocrx_word' id='word_1_119' title='bbox 285 2219 342 2291; x_wconf 81' lang='grc' dir='ltr'><strong>τόν</strong></span> <span class='ocrx_word' id='word_1_120' title='bbox 367 2219 457 2314; x_wconf 83' lang='grc' dir='ltr'><em>ἥλιον</em></span> <span class='ocrx_word' id='word_1_121' title='bbox 480 2226 582 2316; x_wconf 79' lang='grc' dir='ltr'><em>φασὶν</em></span> <span class='ocrx_word' id='word_1_122' title='bbox 608 2225 774 2317; x_wconf 75' lang='grc' dir='ltr'><em>ἐχθαίρειν</em></span> <span class='ocrx_word' id='word_1_123' title='bbox 799 2228 853 2295; x_wconf 80' lang='grc' dir='ltr'><strong>καὶ</strong></span> <span class='ocrx_word' id='word_1_124' title='bbox 876 2230 982 2306; x_wconf 79' lang='grc' dir='ltr'><strong><em>κακῶς</em></strong></span> <span class='ocrx_word' id='word_1_125' title='bbox 1003 2227 1121 2316; x_wconf 77' lang='grc' dir='ltr'><strong>λέγειν,</strong></span> <span class='ocrx_word' id='word_1_126' title='bbox 1143 2218 1274 2294; x_wconf 77' lang='grc' dir='ltr'><strong>ἐπειδᾶν</strong></span> <span class='ocrx_word' id='word_1_127' title='bbox 1293 2221 1411 2313; x_wconf 78' lang='grc' dir='ltr'><em>προσλ-</em></span> 
     </span>
     <span class='ocr_line' id='line_1_16' title="bbox 286 2321 1409 2418; baseline 0.012 -26"><span class='ocrx_word' id='word_1_128' title='bbox 286 2330 385 2394; x_wconf 83' lang='grc' dir='ltr'><em>διοσιν</em></span> <span class='ocrx_word' id='word_1_129' title='bbox 411 2321 593 2415; x_wconf 67' lang='lat' dir='ltr'><strong>chiupam,</strong></span> <span class='ocrx_word' id='word_1_130' title='bbox 621 2324 668 2404; x_wconf 74' lang='grc' dir='ltr'><strong>οἷς</strong></span> <span class='ocrx_word' id='word_1_131' title='bbox 695 2329 826 2398; x_wconf 73' lang='grc' dir='ltr'><em>ναίοντα</em></span> <span class='ocrx_word' id='word_1_132' title='bbox 851 2332 904 2398; x_wconf 85' lang='grc' dir='ltr'><strong>καλ</strong></span> <span class='ocrx_word' id='word_1_133' title='bbox 932 2331 1137 2418; x_wconf 74' lang='grc' dir='ltr'><strong><em>πολεμοῦντα</em></strong></span> <span class='ocrx_word' id='word_1_134' title='bbox 1163 2327 1290 2410; x_wconf 56' lang='grc' dir='ltr'><em>αὐτοῖς,</em></span> <span class='ocrx_word' id='word_1_135' title='bbox 1315 2349 1409 2393; x_wconf 66' lang='lat' dir='ltr'><strong>ma·</strong></span> 
     </span>
     <span class='ocr_line' id='line_1_17' title="bbox 286 2420 796 2520; baseline 0.004 -24"><span class='ocrx_word' id='word_1_136' title='bbox 286 2420 418 2518; x_wconf 75' lang='grc' dir='ltr'><em>φεύγειν</em></span> <span class='ocrx_word' id='word_1_137' title='bbox 437 2453 474 2495; x_wconf 81' lang='grc' dir='ltr'><strong>τε</strong></span> <span class='ocrx_word' id='word_1_138' title='bbox 495 2429 544 2506; x_wconf 84' lang='grc' dir='ltr'><strong>εἰς</strong></span> <span class='ocrx_word' id='word_1_139' title='bbox 562 2427 605 2496; x_wconf 80' lang='grc' dir='ltr'><strong>τοὶ</strong></span> <span class='ocrx_word' id='word_1_140' title='bbox 625 2431 690 2520; x_wconf 78' lang='grc' dir='ltr'><strong>ἕλη.</strong></span> <span class='ocrx_word' id='word_1_141' title='bbox 792 2448 796 2454; x_wconf 90' lang='grc'><em>·</em></span> 
     </span>
    </p>
   </div>
   <div class='ocr_carea' id='block_1_6' title="bbox 819 2611 874 2677">
    <p class='ocr_par' dir='ltr' id='par_1_6' title="bbox 819 2611 874 2677">
     <span class='ocr_line' id='line_1_18' title="bbox 819 2611 874 2677; baseline 0 -1"><span class='ocrx_word' id='word_1_142' title='bbox 819 2611 874 2677; x_wconf 85' lang='lat' dir='ltr'><strong>vl.</strong></span> 
     </span>
    </p>
   </div>
   <div class='ocr_carea' id='block_1_7' title="bbox 243 2783 1451 4251">
    <p class='ocr_par' dir='ltr' id='par_1_7' title="bbox 243 2783 1425 3088">
     <span class='ocr_line' id='line_1_19' title="bbox 263 2783 1411 2915; baseline 0.006 -62"><span class='ocrx_word' id='word_1_143' title='bbox 263 2864 269 2874; x_wconf 63' lang='lat'><strong>.</strong></span> <span class='ocrx_word' id='word_1_144' title='bbox 327 2789 444 2857; x_wconf 89' lang='lat' dir='ltr'><strong>A.then</strong></span> <span class='ocrx_word' id='word_1_145' title='bbox 466 2791 584 2915; x_wconf 86' lang='lat' dir='ltr'><strong>XIIp.</strong></span> <span class='ocrx_word' id='word_1_146' title='bbox 609 2794 731 2859; x_wconf 78' lang='lat' dir='ltr'><strong>513F.</strong></span> <span class='ocrx_word' id='word_1_147' title='bbox 763 2792 933 2880; x_wconf 71' lang='grc' dir='ltr'><em>Κληθῆνοιι</em></span> <span class='ocrx_word' id='word_1_148' title='bbox 953 2788 995 2858; x_wconf 77' lang='grc' dir='ltr'><strong>τοὶ</strong></span> <span class='ocrx_word' id='word_1_149' title='bbox 1015 2783 1126 2860; x_wconf 78' lang='grc' dir='ltr'><em>Σοῦσά</em></span> <span class='ocrx_word' id='word_1_150' title='bbox 1144 2812 1246 2912; x_wconf 73' lang='lat' dir='ltr'><strong>oppon</strong></span> <span class='ocrx_word' id='word_1_151' title='bbox 1265 2784 1411 2882; x_wconf 79' lang='grc' dir='ltr'><em>Ἀριστό-</em></span> 
     </span>
     <span class='ocr_line' id='line_1_20' title="bbox 243 2884 1425 3012; baseline 0.003 -54"><span class='ocrx_word' id='word_1_152' title='bbox 243 2940 247 2947; x_wconf 61' lang='grc'><strong><em>«</em></strong></span> <span class='ocrx_word' id='word_1_153' title='bbox 283 2893 404 2974; x_wconf 80' lang='grc' dir='ltr'><em>βουλος</em></span> <span class='ocrx_word' id='word_1_154' title='bbox 428 2892 483 2960; x_wconf 79' lang='grc' dir='ltr'><em>κοιλ</em></span> <span class='ocrx_word' id='word_1_155' title='bbox 493 2885 643 3012; x_wconf 36' lang='grc' dir='ltr'><strong><em>υΧᾶρης</em></strong></span> <span class='ocrx_word' id='word_1_156' title='bbox 670 2888 726 2963; x_wconf 74' lang='grc' dir='ltr'><strong>διὰ</strong></span> <span class='ocrx_word' id='word_1_157' title='bbox 744 2889 801 2983; x_wconf 71' lang='grc' dir='ltr'><strong>νῆν</strong></span> <span class='ocrx_word' id='word_1_158' title='bbox 822 2884 1007 2984; x_wconf 77' lang='grc' dir='ltr'><em>ὠροιότήτα</em></span> <span class='ocrx_word' id='word_1_159' title='bbox 1034 2895 1095 2963; x_wconf 79' lang='grc' dir='ltr'><strong>τοῦ</strong></span> <span class='ocrx_word' id='word_1_160' title='bbox 1115 2885 1243 2964; x_wconf 79' lang='grc' dir='ltr'><em>τόπον·</em></span> <span class='ocrx_word' id='word_1_161' title='bbox 1266 2897 1425 2977; x_wconf 44' lang='grc' dir='ltr'><em>σοῦσον,</em></span> 
     </span>
     <span class='ocr_line' id='line_1_21' title="bbox 283 2988 987 3088; baseline 0.006 -28"><span class='ocrx_word' id='word_1_162' title='bbox 283 2989 345 3084; x_wconf 74' lang='grc' dir='ltr'><strong>γὰρ</strong></span> <span class='ocrx_word' id='word_1_163' title='bbox 368 2988 447 3061; x_wconf 70' lang='grc' dir='ltr'><em>εἶναι</em></span> <span class='ocrx_word' id='word_1_164' title='bbox 466 3021 507 3085; x_wconf 80' lang='grc' dir='ltr'><strong>τῃ</strong></span> <span class='ocrx_word' id='word_1_165' title='bbox 493 2991 674 3088; x_wconf 74' lang='grc' dir='ltr'><em>Ἑλλήνων</em></span> <span class='ocrx_word' id='word_1_166' title='bbox 696 2989 790 3088; x_wconf 77' lang='grc' dir='ltr'><em>φολνῃ</em></span> <span class='ocrx_word' id='word_1_167' title='bbox 810 3023 849 3066; x_wconf 84' lang='grc' dir='ltr'><strong>το</strong></span> <span class='ocrx_word' id='word_1_168' title='bbox 870 2997 987 3087; x_wconf 84' lang='grc' dir='ltr'><em>κρινον.</em></span> 
     </span>
    </p>

    <p class='ocr_par' dir='ltr' id='par_1_8' title="bbox 281 3093 1410 4251">
     <span class='ocr_line' id='line_1_22' title="bbox 329 3093 1406 3194; baseline 0.008 -30"><span class='ocrx_word' id='word_1_169' title='bbox 329 3101 495 3166; x_wconf 87' lang='lat' dir='ltr'><strong>Simillima</strong></span> <span class='ocrx_word' id='word_1_170' title='bbox 517 3115 590 3167; x_wconf 88' lang='lat' dir='ltr'><strong>sunt</strong></span> <span class='ocrx_word' id='word_1_171' title='bbox 611 3127 694 3191; x_wconf 85' lang='lat' dir='ltr'><strong>quae</strong></span> <span class='ocrx_word' id='word_1_172' title='bbox 713 3105 753 3169; x_wconf 91' lang='lat' dir='ltr'><strong>de</strong></span> <span class='ocrx_word' id='word_1_173' title='bbox 770 3105 857 3169; x_wconf 85' lang='lat' dir='ltr'><strong>Susis</strong></span> <span class='ocrx_word' id='word_1_174' title='bbox 876 3103 1092 3191; x_wconf 84' lang='lat' dir='ltr'><strong>hubetSteph.</strong></span> <span class='ocrx_word' id='word_1_175' title='bbox 1108 3093 1184 3194; x_wconf 83' lang='lat' dir='ltr'><strong>Byz.</strong></span> <span class='ocrx_word' id='word_1_176' title='bbox 1187 3127 1219 3173; x_wconf 80' lang='lat' dir='ltr'><strong>s.</strong></span> <span class='ocrx_word' id='word_1_177' title='bbox 1234 3128 1264 3174; x_wconf 83' lang='lat' dir='ltr'><strong>v.</strong></span> <span class='ocrx_word' id='word_1_178' title='bbox 1277 3128 1310 3192; x_wconf 94' lang='lat' dir='ltr'><strong>p.</strong></span> <span class='ocrx_word' id='word_1_179' title='bbox 1324 3107 1406 3185; x_wconf 81' lang='lat'>258,</span> 
     </span>
     <span class='ocr_line' id='line_1_23' title="bbox 284 3209 1408 3299; baseline 0.001 -25"><span class='ocrx_word' id='word_1_180' title='bbox 284 3209 346 3286; x_wconf 82' lang='lat'><strong>34,</strong></span> <span class='ocrx_word' id='word_1_181' title='bbox 378 3229 414 3271; x_wconf 86' lang='lat' dir='ltr'><strong>ex</strong></span> <span class='ocrx_word' id='word_1_182' title='bbox 438 3229 502 3293; x_wconf 89' lang='lat' dir='ltr'><strong>quo</strong></span> <span class='ocrx_word' id='word_1_183' title='bbox 526 3231 581 3273; x_wconf 82' lang='lat' dir='ltr'><strong>sua</strong></span> <span class='ocrx_word' id='word_1_184' title='bbox 600 3209 703 3276; x_wconf 82' lang='lat' dir='ltr'><strong>hausit</strong></span> <span class='ocrx_word' id='word_1_185' title='bbox 720 3210 761 3274; x_wconf 91' lang='lat' dir='ltr'><strong>de</strong></span> <span class='ocrx_word' id='word_1_186' title='bbox 776 3231 875 3275; x_wconf 84' lang='lat' dir='ltr'><strong>more</strong></span> <span class='ocrx_word' id='word_1_187' title='bbox 881 3209 1064 3275; x_wconf 81' lang='lat' dir='ltr'><strong>Eustnthius</strong></span> <span class='ocrx_word' id='word_1_188' title='bbox 1079 3211 1118 3276; x_wconf 86' lang='lat' dir='ltr'><strong>ad</strong></span> <span class='ocrx_word' id='word_1_189' title='bbox 1135 3212 1262 3299; x_wconf 84' lang='lat' dir='ltr'><strong>Dionys.</strong></span> <span class='ocrx_word' id='word_1_190' title='bbox 1281 3211 1408 3297; x_wconf 84' lang='lat' dir='ltr'><strong>Porieg.</strong></span> 
     </span>
     <span class='ocr_line' id='line_1_24' title="bbox 287 3302 1410 3401; baseline 0 -23"><span class='ocrx_word' id='word_1_191' title='bbox 287 3310 752 3401; x_wconf 70' lang='grc' dir='ltr'><strong>1073ρ.280;1(ἑκιηιαι,</strong></span> <span class='ocrx_word' id='word_1_192' title='bbox 780 3315 824 3379; x_wconf 82' lang='lat' dir='ltr'><strong>nit</strong></span> <span class='ocrx_word' id='word_1_193' title='bbox 853 3302 920 3377; x_wconf 66' lang='lat' dir='ltr'><strong>ouo</strong></span> <span class='ocrx_word' id='word_1_194' title='bbox 941 3309 1181 3400; x_wconf 79' lang='grc' dir='ltr'><em>νῶνκοίνων,</em></span> <span class='ocrx_word' id='word_1_195' title='bbox 1204 3309 1226 3378; x_wconf 81' lang='grc' dir='ltr'><strong>ἁ</strong></span> <span class='ocrx_word' id='word_1_196' title='bbox 1219 3306 1410 3379; x_wconf 77' lang='grc' dir='ltr'><em>πολλοέν</em></span> 
     </span>
     <span class='ocr_line' id='line_1_25' title="bbox 282 3391 1451 3507; baseline -0.002 -25"><span class='ocrx_word' id='word_1_197' title='bbox 282 3417 325 3505; x_wconf 78' lang='grc' dir='ltr'><strong>τῇ</strong></span> <span class='ocrx_word' id='word_1_198' title='bbox 348 3409 440 3505; x_wconf 80' lang='grc' dir='ltr'><em>χώρᾳ</em></span> <span class='ocrx_word' id='word_1_199' title='bbox 465 3408 608 3507; x_wconf 78' lang='grc' dir='ltr'><em>πεφύκει</em></span> <span class='ocrx_word' id='word_1_200' title='bbox 634 3416 750 3506; x_wconf 78' lang='grc' dir='ltr'><strong>ἐκείνῃ,</strong></span> <span class='ocrx_word' id='word_1_201' title='bbox 778 3407 928 3484; x_wconf 80' lang='grc' dir='ltr'><em>σοῦσάν</em></span> <span class='ocrx_word' id='word_1_202' title='bbox 948 3438 985 3482; x_wconf 80' lang='grc' dir='ltr'><strong>τε</strong></span> <span class='ocrx_word' id='word_1_203' title='bbox 1006 3409 1085 3484; x_wconf 74' lang='grc' dir='ltr'><em>αὐτο</em></span> <span class='ocrx_word' id='word_1_204' title='bbox 1077 3409 1254 3482; x_wconf 78' lang='grc' dir='ltr'><em>καλοῦσιν</em></span> <span class='ocrx_word' id='word_1_205' title='bbox 1275 3438 1308 3481; x_wconf 94' lang='grc' dir='ltr'><strong>οι</strong></span> <span class='ocrx_word' id='word_1_206' title='bbox 1297 3391 1451 3504; x_wconf 71' lang='grc' dir='ltr'><strong>εβοίρ-</strong></span> 
     </span>
     <span class='ocr_line' id='line_1_26' title="bbox 282 3510 1408 3610; baseline -0.003 -23"><span class='ocrx_word' id='word_1_207' title='bbox 282 3525 390 3610; x_wconf 79' lang='grc' dir='ltr'><em>βοροι.</em></span> <span class='ocrx_word' id='word_1_208' title='bbox 412 3525 573 3589; x_wconf 82' lang='lat' dir='ltr'><strong>Postrema</strong></span> <span class='ocrx_word' id='word_1_209' title='bbox 584 3525 753 3591; x_wconf 79' lang='lat' dir='ltr'><strong>Salmasius</strong></span> <span class='ocrx_word' id='word_1_210' title='bbox 769 3525 835 3610; x_wconf 81' lang='lat' dir='ltr'><strong>legi</strong></span> <span class='ocrx_word' id='word_1_211' title='bbox 846 3523 968 3590; x_wconf 74' lang='lat' dir='ltr'><strong>voluit</strong></span> <span class='ocrx_word' id='word_1_212' title='bbox 981 3510 1260 3588; x_wconf 77' lang='grc' dir='ltr'><em>σοῦσονιλὲοιύνό</em></span> <span class='ocrx_word' id='word_1_213' title='bbox 1275 3543 1303 3584; x_wconf 89' lang='grc' dir='ltr'><strong>ιι.</strong></span> <span class='ocrx_word' id='word_1_214' title='bbox 1319 3541 1348 3585; x_wconf 96' lang='grc' dir='ltr'><strong>ο.</strong></span> <span class='ocrx_word' id='word_1_215' title='bbox 1362 3523 1408 3602; x_wconf 70' lang='grc' dir='ltr'><strong>β,</strong></span> 
     </span>
     <span class='ocr_line' id='line_1_27' title="bbox 282 3608 1407 3715; baseline 0.001 -26"><span class='ocrx_word' id='word_1_216' title='bbox 282 3649 376 3692; x_wconf 90' lang='lat' dir='ltr'><strong>sensu</strong></span> <span class='ocrx_word' id='word_1_217' title='bbox 406 3629 491 3695; x_wconf 84' lang='lat' dir='ltr'><strong>haud</strong></span> <span class='ocrx_word' id='word_1_218' title='bbox 519 3608 622 3697; x_wconf 84' lang='lat' dir='ltr'><strong>multo</strong></span> <span class='ocrx_word' id='word_1_219' title='bbox 648 3612 811 3697; x_wconf 84' lang='lat' dir='ltr'><strong>meliore=</strong></span> <span class='ocrx_word' id='word_1_220' title='bbox 837 3619 917 3694; x_wconf 72' lang='lat' dir='ltr'><strong>otico</strong></span> <span class='ocrx_word' id='word_1_221' title='bbox 942 3629 1027 3694; x_wconf 87' lang='lat' dir='ltr'><strong>enim</strong></span> <span class='ocrx_word' id='word_1_222' title='bbox 1046 3648 1110 3715; x_wconf 89' lang='lat' dir='ltr'><strong>quo</strong></span> <span class='ocrx_word' id='word_1_223' title='bbox 1131 3625 1272 3690; x_wconf 72' lang='lat' dir='ltr'><strong>referas?</strong></span> <span class='ocrx_word' id='word_1_224' title='bbox 1290 3623 1407 3690; x_wconf 83' lang='lat' dir='ltr'><strong>Eadem</strong></span> 
     </span>
     <span class='ocr_line' id='line_1_28' title="bbox 284 3719 1408 3825; baseline -0.004 -29"><span class='ocrx_word' id='word_1_225' title='bbox 284 3734 329 3797; x_wconf 91' lang='lat' dir='ltr'><strong>sio</strong></span> <span class='ocrx_word' id='word_1_226' title='bbox 351 3736 456 3821; x_wconf 89' lang='lat' dir='ltr'><strong>potius</strong></span> <span class='ocrx_word' id='word_1_227' title='bbox 484 3738 636 3804; x_wconf 85' lang='lat' dir='ltr'><strong>mutanda</strong></span> <span class='ocrx_word' id='word_1_228' title='bbox 659 3751 758 3825; x_wconf 93' lang='lat' dir='ltr'><strong>puto,</strong></span> <span class='ocrx_word' id='word_1_229' title='bbox 783 3748 825 3802; x_wconf 92' lang='lat' dir='ltr'><strong>ut</strong></span> <span class='ocrx_word' id='word_1_230' title='bbox 844 3736 1049 3802; x_wconf 80' lang='lat' dir='ltr'><strong>scribamus.</strong></span> <span class='ocrx_word' id='word_1_231' title='bbox 1068 3720 1188 3798; x_wconf 75' lang='grc' dir='ltr'><em>σοῦσιλ</em></span> <span class='ocrx_word' id='word_1_232' title='bbox 1208 3751 1245 3795; x_wconf 82' lang='grc' dir='ltr'><strong>σε</strong></span> <span class='ocrx_word' id='word_1_233' title='bbox 1265 3719 1360 3796; x_wconf 67' lang='lat' dir='ltr'><strong>sicot</strong></span> <span class='ocrx_word' id='word_1_234' title='bbox 1379 3752 1408 3792; x_wconf 91' lang='grc' dir='ltr'><strong>ιι.</strong></span> 
     </span>
     <span class='ocr_line' id='line_1_29' title="bbox 283 3829 1409 3931; baseline -0.004 -29"><span class='ocrx_word' id='word_1_235' title='bbox 283 3859 310 3902; x_wconf 93' lang='grc' dir='ltr'><strong>ο.</strong></span> <span class='ocrx_word' id='word_1_236' title='bbox 334 3839 368 3918; x_wconf 79' lang='grc' dir='ltr'><strong>β.</strong></span> <span class='ocrx_word' id='word_1_237' title='bbox 395 3840 526 3906; x_wconf 80' lang='grc' dir='ltr'><em>Σοῦσα</em></span> <span class='ocrx_word' id='word_1_238' title='bbox 551 3835 613 3931; x_wconf 78' lang='lat' dir='ltr'><strong>peip</strong></span> <span class='ocrx_word' id='word_1_239' title='bbox 636 3840 803 3931; x_wconf 67' lang='grc' dir='ltr'><em>ἐγχωρίοις</em></span> <span class='ocrx_word' id='word_1_240' title='bbox 832 3842 866 3930; x_wconf 88' lang='lat'><strong>(1.</strong></span> <span class='ocrx_word' id='word_1_241' title='bbox 888 3837 1067 3930; x_wconf 74' lang='grc' dir='ltr'><strong>ἐγχωρίοις)</strong></span> <span class='ocrx_word' id='word_1_242' title='bbox 1094 3859 1135 3903; x_wconf 79' lang='grc' dir='ltr'><strong>σοι</strong></span> <span class='ocrx_word' id='word_1_243' title='bbox 1125 3829 1261 3923; x_wconf 74' lang='lat' dir='ltr'><strong>spino,</strong></span> <span class='ocrx_word' id='word_1_244' title='bbox 1284 3845 1323 3898; x_wconf 89' lang='lat' dir='ltr'><strong>ut</strong></span> <span class='ocrx_word' id='word_1_245' title='bbox 1341 3835 1409 3920; x_wconf 87' lang='lat' dir='ltr'><strong>ipse</strong></span> 
     </span>
     <span class='ocr_line' id='line_1_30' title="bbox 281 3942 1406 4036; baseline -0.001 -29"><span class='ocrx_word' id='word_1_246' title='bbox 281 3944 388 4030; x_wconf 85' lang='lat' dir='ltr'><strong>pergit</strong></span> <span class='ocrx_word' id='word_1_247' title='bbox 405 3946 601 4015; x_wconf 83' lang='lat' dir='ltr'><strong>Eustathius.</strong></span> <span class='ocrx_word' id='word_1_248' title='bbox 619 3948 677 4015; x_wconf 87' lang='lat' dir='ltr'><strong>cff.</strong></span> <span class='ocrx_word' id='word_1_249' title='bbox 694 3949 789 4027; x_wconf 85' lang='lat' dir='ltr'><strong>Auct.</strong></span> <span class='ocrx_word' id='word_1_250' title='bbox 809 3949 961 4036; x_wconf 75' lang='lat' dir='ltr'><strong>Etymol.</strong></span> <span class='ocrx_word' id='word_1_251' title='bbox 978 3949 1028 4015; x_wconf 82' lang='lat' dir='ltr'><strong>M.</strong></span> <span class='ocrx_word' id='word_1_252' title='bbox 1044 3971 1076 4034; x_wconf 93' lang='lat' dir='ltr'><strong>p.</strong></span> <span class='ocrx_word' id='word_1_253' title='bbox 1090 3947 1167 4023; x_wconf 88' lang='grc'><strong>722,</strong></span> <span class='ocrx_word' id='word_1_254' title='bbox 1186 3944 1248 4022; x_wconf 71' lang='grc'><strong>24,</strong></span> <span class='ocrx_word' id='word_1_255' title='bbox 1263 3942 1406 4006; x_wconf 87' lang='lat' dir='ltr'><strong>Dioscor.</strong></span> 
     </span>
     <span class='ocr_line' id='line_1_31' title="bbox 281 4041 1408 4148; baseline 0.012 -35"><span class='ocrx_word' id='word_1_256' title='bbox 281 4051 308 4115; x_wconf 90' lang='lat'><strong>1.</strong></span> <span class='ocrx_word' id='word_1_257' title='bbox 335 4053 390 4117; x_wconf 84' lang='lat'><strong>52.</strong></span> <span class='ocrx_word' id='word_1_258' title='bbox 422 4051 501 4115; x_wconf 89' lang='lat' dir='ltr'><strong>Inde</strong></span> <span class='ocrx_word' id='word_1_259' title='bbox 525 4041 673 4118; x_wconf 78' lang='grc' dir='ltr'><em>σούσινον</em></span> <span class='ocrx_word' id='word_1_260' title='bbox 693 4055 816 4120; x_wconf 86' lang='lat' dir='ltr'><strong>diotum</strong></span> <span class='ocrx_word' id='word_1_261' title='bbox 845 4049 885 4120; x_wconf 74' lang='lat' dir='ltr'><strong>osi</strong></span> <span class='ocrx_word' id='word_1_262' title='bbox 914 4049 1078 4148; x_wconf 67' lang='grc' dir='ltr'><em>ἐκκρίνον</em></span> <span class='ocrx_word' id='word_1_263' title='bbox 1098 4049 1210 4138; x_wconf 80' lang='grc' dir='ltr'><strong>μῦρον.</strong></span> <span class='ocrx_word' id='word_1_264' title='bbox 1242 4045 1344 4125; x_wconf 64' lang='lat' dir='ltr'><strong>Vide»</strong></span> <span class='ocrx_word' id='word_1_265' title='bbox 1367 4067 1408 4110; x_wconf 80' lang='lat'><strong>1¹0</strong></span> 
     </span>
     <span class='ocr_line' id='line_1_32' title="bbox 282 4151 1406 4251; baseline -0.004 -29"><span class='ocrx_word' id='word_1_266' title='bbox 282 4157 359 4222; x_wconf 80' lang='lat' dir='ltr'><strong>alios</strong></span> <span class='ocrx_word' id='word_1_267' title='bbox 385 4158 576 4251; x_wconf 50' lang='lat' dir='ltr'><strong>nominem,x</strong></span> <span class='ocrx_word' id='word_1_268' title='bbox 593 4159 748 4246; x_wconf 82' lang='lat' dir='ltr'><strong>Etymol.</strong></span> <span class='ocrx_word' id='word_1_269' title='bbox 777 4160 827 4228; x_wconf 89' lang='lat' dir='ltr'><strong>M.</strong></span> <span class='ocrx_word' id='word_1_270' title='bbox 850 4162 875 4229; x_wconf 92' lang='grc'><strong>1.</strong></span> <span class='ocrx_word' id='word_1_271' title='bbox 894 4161 917 4229; x_wconf 92' lang='grc' dir='ltr'><strong>Ι.</strong></span> <span class='ocrx_word' id='word_1_272' title='bbox 939 4171 971 4224; x_wconf 88' lang='lat' dir='ltr'><strong>et</strong></span> <span class='ocrx_word' id='word_1_273' title='bbox 992 4155 1200 4241; x_wconf 87' lang='lat' dir='ltr'><strong>Theophrast.</strong></span> <span class='ocrx_word' id='word_1_274' title='bbox 1220 4175 1273 4240; x_wconf 86' lang='lat' dir='ltr'><strong>up.</strong></span> <span class='ocrx_word' id='word_1_275' title='bbox 1289 4151 1406 4218; x_wconf 86' lang='lat' dir='ltr'><strong>Athen.</strong></span> 
     </span>
    </p>
   </div>
   <div class='ocr_carea' id='block_1_8' title="bbox 281 4260 1511 4354">
    <p class='ocr_par' dir='ltr' id='par_1_9' title="bbox 281 4260 1511 4354">
     <span class='ocr_line' id='line_1_33' title="bbox 281 4260 1511 4354; baseline -0.003 -27"><span class='ocrx_word' id='word_1_276' title='bbox 281 4264 340 4330; x_wconf 84' lang='lat' dir='ltr'><strong>XV</strong></span> <span class='ocrx_word' id='word_1_277' title='bbox 358 4287 390 4350; x_wconf 94' lang='lat' dir='ltr'><strong>p.</strong></span> <span class='ocrx_word' id='word_1_278' title='bbox 409 4266 476 4330; x_wconf 84' lang='grc'><strong>689</strong></span> <span class='ocrx_word' id='word_1_279' title='bbox 495 4265 530 4329; x_wconf 86' lang='lat' dir='ltr'><strong>l).</strong></span> <span class='ocrx_word' id='word_1_280' title='bbox 554 4265 592 4328; x_wconf 91' lang='lat' dir='ltr'><strong>In</strong></span> <span class='ocrx_word' id='word_1_281' title='bbox 607 4267 787 4354; x_wconf 81' lang='lat' dir='ltr'><strong>fragmento</strong></span> <span class='ocrx_word' id='word_1_282' title='bbox 804 4267 945 4334; x_wconf 82' lang='lat' dir='ltr'><strong>Charetis</strong></span> <span class='ocrx_word' id='word_1_283' title='bbox 960 4260 1281 4348; x_wconf 74' lang='lat' dir='ltr'><strong>Schweighaeuserus</strong></span> <span class='ocrx_word' id='word_1_284' title='bbox 1295 4260 1407 4345; x_wconf 81' lang='lat' dir='ltr'><strong>vulga·</strong></span> <span class='ocrx_word' id='word_1_285' title='bbox 1510 4323 1511 4332; x_wconf 65' lang='grc'><strong>,</strong></span> 
     </span>
    </p>
   </div>
   <div class='ocr_carea' id='block_1_9' title="bbox 280 4361 1440 4775">
    <p class='ocr_par' dir='ltr' id='par_1_10' title="bbox 280 4361 1440 4775">
     <span class='ocr_line' id='line_1_34' title="bbox 280 4361 1406 4461; baseline -0.004 -27"><span class='ocrx_word' id='word_1_286' title='bbox 280 4382 345 4434; x_wconf 81' lang='lat' dir='ltr'><strong>tom</strong></span> <span class='ocrx_word' id='word_1_287' title='bbox 364 4371 533 4436; x_wconf 88' lang='lat' dir='ltr'><strong>lectionem</strong></span> <span class='ocrx_word' id='word_1_288' title='bbox 552 4368 593 4459; x_wconf 79' lang='grc' dir='ltr'><strong>τῇ</strong></span> <span class='ocrx_word' id='word_1_289' title='bbox 611 4361 789 4460; x_wconf 71' lang='grc' dir='ltr'><em>Ἑλλήνων</em></span> <span class='ocrx_word' id='word_1_290' title='bbox 802 4395 842 4461; x_wconf 58' lang='grc' dir='ltr'><strong>φ,</strong></span> <span class='ocrx_word' id='word_1_291' title='bbox 862 4365 902 4439; x_wconf 73' lang='lat' dir='ltr'><strong>nt</strong></span> <span class='ocrx_word' id='word_1_292' title='bbox 915 4394 966 4459; x_wconf 84' lang='grc' dir='ltr'><strong>ιιρ.</strong></span> <span class='ocrx_word' id='word_1_293' title='bbox 983 4371 1057 4456; x_wconf 86' lang='lat' dir='ltr'><strong>jure</strong></span> <span class='ocrx_word' id='word_1_294' title='bbox 1077 4368 1244 4433; x_wconf 80' lang='lat' dir='ltr'><strong>retinuisse</strong></span> <span class='ocrx_word' id='word_1_295' title='bbox 1262 4364 1406 4445; x_wconf 81' lang='lat' dir='ltr'><strong>videtur,</strong></span> 
     </span>
     <span class='ocr_line' id='line_1_35' title="bbox 280 4466 1408 4566; baseline -0.004 -28"><span class='ocrx_word' id='word_1_296' title='bbox 280 4474 482 4542; x_wconf 74' lang='lat' dir='ltr'><strong>sollicitatam</strong></span> <span class='ocrx_word' id='word_1_297' title='bbox 504 4501 522 4542; x_wconf 85' lang='lat' dir='ltr'>a</span> <span class='ocrx_word' id='word_1_298' title='bbox 536 4477 740 4557; x_wconf 73' lang='lat' dir='ltr'><strong>casaubono,</strong></span> <span class='ocrx_word' id='word_1_299' title='bbox 758 4479 815 4565; x_wconf 86' lang='lat' dir='ltr'><strong>qui</strong></span> <span class='ocrx_word' id='word_1_300' title='bbox 832 4473 874 4565; x_wconf 81' lang='grc' dir='ltr'><strong>τῇ</strong></span> <span class='ocrx_word' id='word_1_301' title='bbox 883 4468 1076 4562; x_wconf 79' lang='grc' dir='ltr'><strong>Ἑλληνικῇ</strong></span> <span class='ocrx_word' id='word_1_302' title='bbox 1090 4472 1190 4566; x_wconf 58' lang='lat' dir='ltr'><strong>pinel</strong></span> <span class='ocrx_word' id='word_1_303' title='bbox 1203 4466 1408 4556; x_wconf 80' lang='grc' dir='ltr'><em>νῇέιιείνων</em></span> 
     </span>
     <span class='ocr_line' id='line_1_36' title="bbox 280 4573 1440 4671; baseline -0.006 -25"><span class='ocrx_word' id='word_1_304' title='bbox 280 4603 333 4668; x_wconf 86' lang='grc' dir='ltr'><strong>φ.,</strong></span> <span class='ocrx_word' id='word_1_305' title='bbox 358 4592 423 4647; x_wconf 85' lang='lat' dir='ltr'><strong>otu</strong></span> <span class='ocrx_word' id='word_1_306' title='bbox 445 4586 561 4663; x_wconf 65' lang='lat' dir='ltr'><strong>Corae,</strong></span> <span class='ocrx_word' id='word_1_307' title='bbox 581 4585 639 4671; x_wconf 90' lang='lat' dir='ltr'><strong>qui</strong></span> <span class='ocrx_word' id='word_1_308' title='bbox 660 4581 701 4668; x_wconf 82' lang='grc' dir='ltr'><strong>τῇ</strong></span> <span class='ocrx_word' id='word_1_309' title='bbox 729 4573 874 4670; x_wconf 75' lang='grc' dir='ltr'><em>Μήδιον</em></span> <span class='ocrx_word' id='word_1_310' title='bbox 894 4602 947 4666; x_wconf 73' lang='grc' dir='ltr'><strong>φ.</strong></span> <span class='ocrx_word' id='word_1_311' title='bbox 961 4580 1028 4659; x_wconf 82' lang='lat' dir='ltr'><strong>vel,</strong></span> <span class='ocrx_word' id='word_1_312' title='bbox 1046 4577 1234 4664; x_wconf 81' lang='lat' dir='ltr'><strong>transposito</strong></span> <span class='ocrx_word' id='word_1_313' title='bbox 1253 4575 1405 4653; x_wconf 78' lang='lat' dir='ltr'><strong>articulo,</strong></span> <span class='ocrx_word' id='word_1_314' title='bbox 1437 4641 1440 4656; x_wconf 60' lang='grc'><strong>,</strong></span> 
     </span>
     <span class='ocr_line' id='line_1_37' title="bbox 280 4679 1407 4775; baseline -0.004 -27"><span class='ocrx_word' id='word_1_315' title='bbox 280 4709 317 4751; x_wconf 79' lang='grc' dir='ltr'><strong>ιο</strong></span> <span class='ocrx_word' id='word_1_316' title='bbox 338 4686 379 4773; x_wconf 79' lang='grc' dir='ltr'><strong>τῇ</strong></span> <span class='ocrx_word' id='word_1_317' title='bbox 399 4679 555 4774; x_wconf 74' lang='grc' dir='ltr'><em>Ἑλλήνων</em></span> <span class='ocrx_word' id='word_1_318' title='bbox 576 4687 671 4775; x_wconf 78' lang='grc' dir='ltr'><strong>φωνῇ</strong></span> <span class='ocrx_word' id='word_1_319' title='bbox 692 4683 799 4773; x_wconf 75' lang='grc' dir='ltr'><em>κρίνον</em></span> <span class='ocrx_word' id='word_1_320' title='bbox 815 4687 963 4754; x_wconf 84' lang='lat' dir='ltr'><strong>malebat.</strong></span> <span class='ocrx_word' id='word_1_321' title='bbox 987 4687 1035 4752; x_wconf 88' lang='lat' dir='ltr'><strong>Do</strong></span> <span class='ocrx_word' id='word_1_322' title='bbox 1054 4688 1173 4771; x_wconf 85' lang='lat' dir='ltr'><strong>reipsa</strong></span> <span class='ocrx_word' id='word_1_323' title='bbox 1191 4683 1407 4750; x_wconf 84' lang='lat' dir='ltr'><strong>ndiHummo-</strong></span> 
     </span>
    </p>
   </div>
   <div class='ocr_carea' id='block_1_10' title="bbox 0 0 1814 5892">
    <p class='ocr_par' dir='ltr' id='par_1_11' title="bbox 0 0 1814 5892">
     <span class='ocr_line' id='line_1_38' title="bbox 0 0 1814 5892; baseline 0 3"><span class='ocrx_word' id='word_1_324' title='bbox 0 0 1814 5892; x_wconf 95' lang='lat' dir='ltr'><strong> </strong></span> 
     </span>
    </p>
   </div>
  </div>
 </body>
</html>
