3617 5892
835 711 878 777 98

293 892 434 979 pserint,
466 904 529 953 nou
555 900 726 971 assequor;
753 882 810 949 sed
825 883 952 951 Arriani
981 886 1170 953 auctoritate
1189 886 1336 955 Curtium
1354 906 1419 955 nor

294 997 425 1063 omuino
446 987 677 1059 emendandum
695 1008 780 1069 esse,
802 1010 862 1077 pro
881 1000 972 1055 nerto
988 989 1123 1056 habeam
1141 1012 1150 1055 s
1171 992 1213 1059 ab
1230 993 1317 1059 illius
1335 994 1421 1059 euim

293 1101 435 1167 fontibus
454 1099 508 1164 hio
528 1117 592 1163 nou
613 1094 779 1182 pependit.
815 1095 897 1161 llolo
924 1098 1075 1183 persequi
1095 1098 1231 1178 leviora,
1247 1100 1282 1165 lu
1303 1100 1421 1187 quihus

294 1206 445 1273 Arrianus
462 1226 540 1271 oum
549 1202 658 1271 Curtio
674 1212 812 1289 pugnat3
834 1201 940 1269 solnm
950 1202 1087 1283 notabo,
1103 1203 1190 1289 apud
1206 1202 1294 1269 hune
1309 1204 1421 1288 reulu-

284 1313 449 1377 -ratiouem
470 1331 575 1375 noua
601 1306 781 1374 Ptolemaeo
799 1308 884 1395 Regi
910 1307 1065 1388 indicari,
1088 1308 1145 1375 sed
1162 1309 1202 1374 ab
1220 1309 1421 1396 Eurylocho,

293 1418 465 1483 eomitante
490 1416 660 1501 Epimeue,
692 1412 747 1499 qni
768 1414 837 1499 ipse
859 1407 989 1478 iusidias
1019 1416 1124 1498 statim
1151 1414 1243 1480 tratri
1262 1414 1423 1502 apernisse

292 1522 425 1604 dieitur,
442 1542 502 1586 neo
522 1540 595 1585 sero
611 1539 669 1606 per
690 1518 879 1586 Chariolem.
902 1519 1006 1605 Negat
1023 1520 1151 1586 tandem
1170 1520 1315 1601 Curtius,
1335 1517 1424 1608 quod

287 1627 348 1695 hio
366 1630 399 1693 iu
420 1626 529 1714 primis
550 1628 584 1692 in
610 1645 740 1699 censum
762 1624 867 1706 venit,
885 1624 1110 1691 Callisthenem
1128 1649 1147 1694 a
1172 1625 1349 1711 conjuratis
1365 1646 1424 1691 uo·

291 1733 451 1798 minatum
470 1752 537 1801 esse
557 1730 743 1797 insidiarum
770 1730 822 1794 rel
852 1731 977 1796 soeium
1001 1732 1053 1797 rel
1080 1754 1259 1814 suasorem,
1281 1733 1425 1820 adstipu-

283 1840 383 1904 -lante
402 1836 573 1903 Plutarcho
595 1834 634 1904 V
630 1840 671 1903 is.
696 1834 795 1903 Alsa.
814 1836 870 1904 LV
889 1858 897 1900 τ
925 1835 997 1903 nato
1011 1834 1092 1926 napi
1110 1826 1280 1927 lippiham
1300 1828 1424 1917 οὐδεὶς,

291 1944 372 2017 οὐδὲ
392 1942 448 2018 dsol
464 1950 523 2041 τῆς
543 1939 680 2036 ἐσχάτης
691 1939 840 2038 ἀνάγκης,
863 1948 925 2015 τοῦ
936 1948 1181 2026 Καλλισθένους
1194 1951 1354 2017 κατεῖπεν.
1375 1950 1425 2019 Ci.

272 2054 421 2123 ·Arrisu.
440 2056 463 2124 l.
485 2058 508 2123 l.
529 2055 730 2124 Contrarium
750 2054 837 2142 quod
864 2055 1062 2121 contendunt
1084 2057 1285 2123 Ptolemaeus
1294 2067 1338 2122 *et
1353 2055 1426 2135 Ari·

296 2160 461 2242 stobulus,
487 2183 524 2227 eo
547 2163 646 2250 magis
667 2163 798 2227 lortusse
816 2162 919 2227 bonae
942 2161 1114 2227 Alexandri
1129 2163 1232 2227 lamae
1254 2184 1353 2249 quam
1370 2183 1426 2228 re-

292 2268 383 2332 ritati
404 2268 572 2333 consulere
589 2268 637 2331 illi
657 2267 862 2334 studuerunt.
886 2265 970 2336 vide
992 2290 1087 2357 supra
1103 2290 1137 2355 p.
1157 2268 1210 2335 14.
1230 2267 1426 2334 Refutautur

293 2391 371 2436 vero
392 2372 523 2459 egregie
539 2371 711 2438 Alexandri
728 2373 827 2459 ipsius
848 2372 973 2453 verbis,
995 2371 1206 2440 aPlutsroho
1225 2372 1248 2440 l.
1272 2374 1297 2442 l.
1321 2393 1427 2440 sorra·

293 2485 336 2549 tis
357 2506 366 2548 r
389 2474 607 2571 Ἀλέξανδρος
627 2474 739 2567 αὐτός,
761 2484 887 2571 inquit,
913 2478 1015 2560 elate
1034 2485 1195 2575 Κρατερῷ
1214 2476 1353 2575 γράφων
1373 2483 1428 2552 καὶ

295 2584 448 2679 Ἀττάλῳ
470 2591 524 2658 καὶ
544 2583 698 2679 Ἀλκέτᾳ,
720 2592 805 2685 φησὶ
825 2588 902 2671 τούς
922 2596 1046 2671 παῖδας
1059 2594 1330 2681 βασανιζομένους
1347 2586 1428 2679 ὁμο·
1520 2609 1524 2619 ’

291 2706 413 2793 Anysis,
424 2697 470 2780 οἷς
484 2695 689 2771 omoiousion
705 2696 875 2796 sepultarae,
895 2697 1015 2783 ἄλλος
1030 2697 1199 2781 ὀόὕδεὶς
1213 2706 1426 2797 ovserdsiq.

292 2814 386 2897 Quae
404 2821 566 2899 postrema
587 2808 730 2876 iudicant
759 2822 881 2893 tamen,
908 2834 1006 2900 qnam
1027 2824 1193 2900 suspectus
1211 2811 1427 2880 Callisthenes

292 2918 369 2983 inde
390 2917 430 2983 ab
448 2916 541 2981 initio
560 2917 644 3003 Regi
666 2918 778 2987 luerit.
801 2920 841 2985 Et
861 2939 935 2984 rero
953 2940 1055 3006 quum
1072 2918 1146 3006 satis
1164 2940 1326 3006 nuperque
1346 2940 1426 2986 cou-

291 3036 374 3104 stet,
400 3021 558 3108 ambiguis
589 3022 705 3108 partim
726 3023 839 3105 dictis,
867 3026 983 3111 partim
1016 3025 1175 3105 consiliis,
1201 3022 1443 3094 Callisthenem*

292 3128 430 3195 fervidos
450 3140 482 3193 et
498 3129 631 3214 agitatos
654 3128 808 3213 juvenum
828 3132 948 3215 animos
964 3132 1065 3219 magis
1085 3132 1183 3198 etiam
1204 3143 1313 3200 eontra
1329 3131 1426 3219 Alex·

289 3236 433 3301 andrum
454 3254 668 3321 exasperasse,
692 3248 789 3322 atque
811 3238 856 3301 ita
882 3237 924 3303 ad
942 3224 1067 3302 ia‘oiuus
1085 3237 1174 3325 qnod
1195 3237 1426 3316 meditarentur

294 3341 515 3423 inflammasse,
527 3338 666 3428 (Arriau.
684 3341 743 3411 lv.
767 3344 820 3409 14.
848 3344 884 3424 23
906 3342 1072 3409 Plutarch.
1091 3343 1117 3429 l.
1133 3345 1170 3424 l.;
1193 3343 1281 3429 Curt.
1300 3343 1324 3411 l.
1340 3344 1363 3411 l.
1381 3346 1426 3409 24

295 3444 372 3534 sq.);
397 3447 514 3512 mirum
534 3446 665 3534 quidem
686 3468 749 3513 uon
771 3448 830 3528 sit,
847 3448 1083 3527 Alexandrum,
1102 3445 1271 3513 fastidiosis
1285 3448 1427 3541 philoso-
1447 3516 1456 3534 x

294 3554 356 3641 phi
370 3554 512 3619 moribus
528 3563 559 3617 et
573 3554 755 3639 importuna
772 3576 866 3640 saepe
881 3554 1066 3620 austeritate
1081 3553 1254 3633 offensum,
1267 3553 1335 3638 jam
1346 3574 1427 3621 oon·

293 3662 388 3726 tinuo
412 3660 488 3725 muli
511 3658 591 3747 quid
613 3658 839 3740 subodorasse,
862 3673 894 3726 et
912 3661 1082 3726 Hermolao
1102 3659 1288 3726 insidiarum
1301 3657 1427 3747 ‚depre-

294 3766 412 3846 henso,
434 3766 621 3853 magistrum
639 3766 733 3831 simul
751 3778 783 3832 et
792 3767 982 3833 familiarem
999 3764 1223 3835 Callisthenem
1240 3768 1381 3833 numinis
1398 3767 1427 3833 si

293 3895 361 3939 non
378 3894 540 3938 suasorem
567 3882 599 3937 et
625 3884 806 3952 auctorem,
830 3884 863 3939 ut
882 3876 1005 3939 socium
1029 3883 1117 3938 certe
1140 3872 1322 3941 credidisse.
1355 3874 1425 3954 imo

295 3977 423 4043 videtur
440 3977 618 4044 Alexander
636 3978 754 4064 cupide
771 3980 940 4065 arripuisse
959 3981 1231 4085 opportunitatem
1248 3974 1425 4046 mulotaudi

295 4083 441 4149 odiosum
459 4084 519 4169 ipsi
541 4083 663 4165 sirum,
690 4085 783 4151 aulae
805 4096 837 4151 et
858 4084 1086 4153 assentantium
1110 4085 1241 4173 ingenio
1257 4082 1427 4171 haudqua-

296 4212 395 4277 quam
418 4189 704 4257 acoommodatnm.
736 4190 794 4259 eff.
819 4191 965 4257 Stshrius
991 4188 1141 4257 Ariston
1169 4192 1185 4255 I
1212 4213 1245 4277 p.
1270 4190 1333 4254 122
1352 4207 1425 4275 sqq.

296 4306 331 4359 et
349 4296 529 4383 Droysenu‘s
556 4296 580 4364 l.
607 4295 632 4363 l.
652 4318 685 4383 p.
711 4297 797 4377 eet,
822 4297 1019 4383 vituperatus
1037 4320 1057 4363 a
1077 4297 1258 4363 llluetaellio
1276 4294 1318 4360 ad
1335 4294 1425 4363 Curt.

281 4425 331 4488 p.
348 4405 425 4471 762.
459 4405 574 4491 Itaque
591 4404 736 4490 protinus
753 4415 864 4491 aperto
878 4405 1042 4471 Hermolai
1057 4401 1188 4471 coudlio
1204 4399 1426 4470 Callisthenem
1493 4406 1497 4411 '

287 4510 333 4573 iu
356 4530 517 4578 cernerem
538 4510 687 4595 eorijeeit.
727 4510 870 4599 lingebat
892 4522 960 4577 tum
985 4507 1163 4575 Alexander
1183 4507 1218 4571 in
1241 4506 1426 4597 Baetq'auae

298 4614 381 4679 urbo
402 4618 546 4698 Curiata,
570 4628 608 4683 ut
632 4617 721 4683 testis
746 4628 794 4683 est
811 4618 927 4684 Strabo
944 4617 991 4682 xl
1006 4638 1039 4703 p.
1062 4615 1126 4679 78⁷
1150 4613 1195 4694 B,
1220 4613 1278 4700 qni
1301 4623 1427 4701 praeter

301 4720 363 4787 alia
381 4723 463 4788 bene
487 4724 588 4791 multa
605 4722 737 4793 fortasse
757 4724 852 4791 etiam
873 4722 937 4789 hoo
957 4745 995 4789 ex
1011 4720 1215 4801 Aristobulo,
1236 4740 1333 4808 quem
1354 4737 1426 4787 max
