3617 5892
818 710 856 777 61

273 884 446 957 dummodo
472 886 679 953 Historiarum
710 886 858 971 scriptori
887 896 1076 973 exaggerata
1109 883 1207 953 dictio
1234 897 1266 950 et
1293 888 1402 957 ltcata

274 998 432 1085 elegantia
451 993 545 1072 vitio,
564 1013 624 1057 nec
643 990 749 1071 laudi,
768 990 921 1057 vertenda
938 992 992 1059 ait.
1021 992 1113 1073 Quae
1127 993 1285 1064 Isocratea
1302 994 1402 1061 dictio

272 1107 307 1169 in
324 1103 527 1187 Theopompo
539 1097 703 1185 displicuit
720 1097 913 1183 peritissimo
929 1096 1044 1162 barum
1064 1120 1172 1163 rerum
1186 1098 1306 1165 arbitro
1323 1102 1401 1167 ttio-
1442 1140 1444 1149 ·

272 1211 381 1296 nysio,
403 1193 513 1292 ὑψηλή
539 1223 576 1266 ιε
594 1199 649 1265 καὶ
667 1191 920 1291 μεγαλοπρεπὴς
947 1199 1001 1266 καὶ
1027 1193 1067 1267 τᾶ
1094 1195 1259 1284 πομπικὸν
1287 1198 1405 1287 ἔχουσα

272 1304 359 1379 πολι)
369 1310 408 1400 1),
433 1306 567 1375 eandem
590 1306 771 1372 Aristobulo
790 1307 949 1393 propriam
968 1304 1066 1370 fuisse
1088 1327 1212 1373 censeo.
1247 1307 1405 1375 Orationis

273 1440 374 1504 genus
393 1414 553 1483 affectavit
573 1424 605 1478 et
624 1414 786 1499 amplexus
812 1423 858 1477 est
884 1411 1080 1498 perpolitum
1095 1410 1244 1499 quidem,
1261 1415 1407 1501 elegans,

273 1522 437 1603 ornatum,
451 1518 524 1585 'sed
552 1518 712 1599 floridius,
746 1516 917 1606 grandius,
944 1517 1075 1597 elatius,
1097 1520 1153 1582 cui
1174 1516 1298 1583 deesset
1314 1542 1407 1607 saepe
1503 1576 1514 1606 ,

272 1642 344 1697 tum
360 1618 504 1714 ἁπλότης
525 1625 581 1689 illa
604 1636 672 1689 tum
689 1614 843 1713 ἀλήθεια,
867 1644 965 1711 quam
981 1623 1022 1687 ab
1040 1623 1193 1690 historico
1204 1636 1408 1711 exspectave-
1498 1710 1503 1717 ἱ

272 1738 317 1801 ris
335 1746 368 1801 et
388 1732 611 1820 postulaverim
635 1734 751 1797 inesset
772 1751 847 1797 vero
864 1730 1209 1807 incarminatricem
1227 1729 1408 1797 delectandi

274 1840 438 1920 studium,
463 1837 550 1927 quod
573 1838 668 1903 unice
685 1840 718 1902 in
738 1849 863 1903 oratore
883 1836 995 1901 tuleris
1011 1846 1044 1900 et
1061 1835 1256 1922 probaveris.
1283 1838 1409 1918 Verbo,

275 1948 367 2014 utin
395 1946 717 2023 commentariorum,
752 1966 831 2030 quos
859 1942 955 2008 edere
984 1942 1163 2029 cogitabat,
1185 1943 1295 2029 prinda
1322 1944 1409 2009 velat

271 2054 488 2131 lineamentis,
507 2050 671 2117 rhetorum
681 2072 788 2131 more,
806 2048 939 2115 beroem
957 2048 1167 2135 descripserat
1176 2049 1408 2129 Alexandrum,

272 2155 451 2246 ἐλέφαντας
474 2153 520 2221 ert
540 2146 674 2238 ὦιοντίῳ
695 2144 899 2243 φονεύοντα·
933 2167 971 2220 ιιι
999 2155 1033 2219 in
1061 2155 1410 2243 'l'imocleaxpingenda

272 2262 502 2350 lepidissimam
527 2259 670 2352 exbibuit
695 2260 935 2327 venustissimae
955 2261 1094 2327 feminae
1115 2261 1306 2347 imaginem,
1324 2281 1410 2348 quae

272 2378 472 2454 spectatores
500 2366 534 2428 in
561 2365 612 2428 sui
636 2385 778 2428 amorem
795 2366 882 2431 velut
902 2367 1071 2452 pelliceret
1096 2379 1129 2432 et
1149 2377 1290 2453 raperet;
1314 2368 1410 2431 utin

273 2475 362 2557 Tyro
384 2466 634 2534 commendanda
661 2467 730 2551 ejus
756 2471 852 2533 situm
876 2493 1000 2536 summo
1020 2473 1155 2540 artificio
1183 2471 1411 2561 coloribusque

273 2575 478 2641 viridissimis
489 2575 657 2659 expressit:
671 2575 715 2638 ita
726 2576 870 2661 quamvis
882 2580 1151 2662 opportunitatem
1161 2590 1284 2667 gratam
1292 2580 1411 2645 Aristo-

272 2683 356 2749 bulo
373 2682 472 2746 iuisse
492 2702 574 2761 reor,
592 2691 629 2745 ut
645 2680 766 2744 saeculi
785 2680 833 2745 sui
850 2680 956 2745 studio
973 2682 1066 2746 nimis
1076 2680 1267 2768 indulgens,
1280 2683 1413 2770 grandia

272 2800 458 2867 venaretur,
484 2785 701 2871 permulceret
724 2785 882 2852 lectorum
898 2789 1038 2867 animoa,
1055 2799 1214 2854 oratorem
1228 2790 1264 2852 in
1278 2788 1431 2855 historia.

272 2906 398 2983 ageret.

321 3002 435 3087 ltaque
453 2997 493 3063 dc
512 2998 689 3064 Aristobuli
714 3000 949 3065 commentariis
969 3000 1048 3088 quid
1064 3002 1217 3083 sentiam,
1236 3001 1286 3066 bia
1300 3002 1411 3088 paucis

275 3107 487 3193 complectar.
511 3105 595 3170 Fidis
613 3106 740 3170 omnino
757 3105 930 3171 Alexandri
946 3106 1105 3174 historicis
1115 3107 1208 3173 illum
1218 3130 1283 3200 non
1295 3129 1412 3174 accen-

274 3236 378 3293 seam3
392 3234 486 3277 nemo
497 3214 667 3298 quisquam
679 3212 762 3276 enim
780 3211 843 3279 boc
854 3214 983 3278 nomine
996 3212 1112 3299 dignus
1121 3226 1266 3299 repertus
1277 3224 1344 3294 cat;
1354 3212 1413 3277 sed

275 3320 435 3401 fidissimis
461 3340 536 3383 cnm
560 3317 742 3382 Ptolemaeo
757 3318 853 3382 facile
874 3318 1015 3405 palmam
1029 3318 1218 3404 praeripuit.
1252 3320 1319 3400 Qui
1336 3340 1412 3383 vero

197 3470 200 3477 »
276 3427 424 3514 pluribus
448 3424 629 3489 nominibus
659 3423 783 3489 laudari
811 3435 965 3502 merctur,
995 3426 1040 3489 ita
1062 3422 1194 3511 quidem
1212 3422 1337 3487 duobus
1352 3446 1413 3509 po-
1455 3457 1462 3469 ·

278 3535 434 3599 tissimum
462 3531 545 3596 vitiis
575 3529 685 3595 laudes
714 3531 782 3615 ipse
810 3550 882 3594 suas
909 3530 1057 3610 obtrivit,
1079 3541 1117 3597 ut
1138 3541 1209 3593 tnm
1232 3527 1411 3593 Alexandro

276 3638 427 3705 adulatus
450 3639 554 3724 turpia
575 3636 643 3721 ejus
662 3634 823 3700 interdum
845 3637 1076 3717 attenuaverit,
1101 3638 1133 3700 in
1148 3634 1249 3719 majus
1269 3634 1411 3700 celebra·

275 3748 362 3811 verit
377 3745 557 3832 praeclara3
581 3746 649 3808 t'um
668 3746 763 3809 etiam
779 3742 985 3809 delectationi
1011 3744 1151 3808 servieus
1174 3756 1272 3831 atque
1290 3742 1412 3807 descri-

276 3853 397 3940 ptionis
421 3853 597 3938 elegantiae
623 3873 685 3919 uon
714 3871 837 3936 semper
856 3861 986 3917 narrare
1012 3851 1112 3938 magis
1131 3849 1296 3919 historiam
1314 3869 1412 3937 quam

279 3980 393 4025 ornare
412 3958 580 4024 studuerit.

993 4070 1003 4101 Ο

284 4139 488 4153 ffl-

392 4157 395 4171 t

314 4242 342 4311 1)
361 4246 410 4310 Ep.
429 4245 463 4295 nd
482 4246 526 4298 On.
547 4246 633 4311 Pomp.
654 4244 688 4295 Vl
705 4260 731 4310 p.
749 4239 809 4294 ⁷8⁷.
829 4242 879 4311 (cd.
898 4242 1003 4308 balth).

773 4530 917 4543 utun—nd—
