3617 5892
741 727 755 764 .,
814 681 872 759 ¹⁵¹

280 863 318 916 ut
345 850 536 916 Plutarchus
563 851 586 917 l.
606 852 629 916 l.
647 852 676 918 1.
697 853 736 929 2,
755 852 943 938 simpliciter
967 863 1096 916 narrant
1116 863 1191 916 cum
1212 851 1320 918 Curtio
1343 853 1402 918 lll.

283 960 337 1026 11.
364 959 405 1022 10
423 978 431 1022 :
457 978 475 1019 ο
486 955 656 1022 Alexandri
677 955 824 1022 dextrum
845 958 954 1026 lemur.
972 958 1083 1023 leviter
1103 979 1257 1022 mucrone
1276 959 1404 1044 perstri-
1531 1025 1534 1031 Δ

281 1074 369 1129 utum
394 1073 479 1129 cst.»
504 1062 651 1128 Auctoris
667 1062 793 1131 Itinsr.
811 1064 966 1144 XXXVI,
988 1064 1082 1128 verba
1100 1063 1226 1130 Arriani
1245 1065 1286 1130 ll.
1310 1065 1362 1132 12.
1389 1069 1422 1172 ¹.

279 1173 313 1232 in
337 1170 445 1264 latim
477 1169 646 1244 vertentis,
676 1168 759 1234 mala
785 1168 863 1234 lidos
893 1171 1070 1257 urricuiquo
1095 1169 1214 1256 legenti
1243 1171 1277 1232 in
1296 1172 1405 1235 oculos

279 1277 432 1340 incurret

816 1467 874 1534 ru.
961 1443 972 1464 ”

703 1638 708 1649 ’
734 1676 752 1723 P
773 1677 885 1724 atauo
909 1678 950 1754 lll.

322 1783 446 1867 Athen.
468 1799 516 1868 tv
544 1822 577 1886 p.
603 1802 663 1864 171
689 1800 726 1867 Β.
764 1794 901 1886 Χάρης
927 1793 965 1862 ἐν
989 1795 1035 1884 τῇ
1063 1794 1175 1885 τρίτῃ
1201 1796 1275 1862 τοῖν
1300 1789 1406 1864 ‘loro

278 1903 373 1991 ριῶν
396 1895 602 1987 Πτοὶιμαῖόν
632 1922 717 1994 φησι
745 1894 801 1970 adr
827 1901 965 1988 Συνιῆροι
991 1893 1143 1987 ἐδέατρον
1170 1889 1407 1989 ἀποδειχθῆναι

277 1996 504 2096 Ἀλεξάνδρου.

322 2113 444 2180 Vocem
458 2103 620 2202 Ἐδέσιρον
636 2110 801 2177 Athenaeo
820 2111 943 2196 primus
966 2108 1104 2174 restitnit
1122 2107 1351 2178 Valckenarius
1368 2131 1406 2176 ex

276 2218 446 2283 Ammonio
461 2239 487 2285 s.
510 2239 538 2287 v.
558 2240 590 2304 p.
609 2219 669 2296 48,
685 2217 821 2282 docente
835 2211 1034 2306 Ἐλέοτρον
1052 2213 1172 2280 dictum
1189 2237 1256 2279 esso
1275 2207 1331 2280 adn
1344 2205 1408 2298 μά-

277 2343 398 2410 γειρον,
427 2315 521 2411 πυροὶ
544 2315 621 2396 τους
644 2313 768 2400 ἐλεους,
795 2315 994 2406 Ἐδέοιτρον
1021 2341 1096 2384 vero
1116 2314 1172 2385 τόν
1191 2308 1405 2408 ιιρογεύστην,
1518 2303 1524 2316 ’

277 2416 371 2512 παρὰ
399 2420 441 2490 τοὶ
464 2411 632 2510 ἐδέσμοιτα.
661 2424 750 2489 Illud
767 2427 801 2488 in
819 2414 962 2491 Charetis
979 2427 1194 2512 fragmentum
1216 2427 1405 2509 irrepserat,

279 2551 474 2617 quamquam
491 2529 683 2596 Artemidori
698 2530 910 2616 praecedebat
922 2533 1098 2595 monitum:
1115 2519 1258 2598 matoes
1269 2525 1322 2592 καὶ
1331 2519 1408 2599 τούς
1538 2559 1545 2578 ·

277 2624 484 2721 προγεύστας
514 2625 775 2721 Ἐδέατρους,
809 2627 861 2700 ὅτι
892 2625 1121 2722 προήσθιον
1152 2632 1217 2697 τῶν
1249 2627 1408 2712 βασιλέων

277 2730 365 2823 πρὸς
384 2727 576 2823 ἀσφάλειαν.
600 2739 725 2821 Quibus
743 2741 903 2804 simillima
920 2741 1006 2828 legas
1019 2762 1069 2825 ap.
1081 2737 1224 2805 Eustatlr.
1235 2735 1274 2800 ad
1288 2733 1405 2820 Odyra.

276 2843 305 2905 Α
332 2863 364 2926 p.
396 2844 500 2922 1403,
530 2844 573 2908 40
603 2842 666 2930 (ed.
686 2843 814 2932 Rom),
843 2845 934 2912 Suid.
966 2868 994 2913 v.
1020 2834 1184 2931 Ἑόέοιτρος
1201 2845 1217 2908 I
1237 2863 1271 2928 p.
1289 2843 1353 2930 677
1376 2851 1407 2904 et

275 2949 372 3014 uuor.
402 2947 555 3034 Etymol.
587 2951 636 3019 M.
661 2948 695 3037 p.
719 2955 806 3031 315,
832 2954 887 3018 37.
912 2953 1042 3016 Postera
1062 2961 1164 3015 aetate
1182 2970 1264 3036 quae
1288 2947 1406 3012 luerint

274 3041 448 3139 Ἐδεᾶτρων
466 3055 588 3134 officia,
608 3057 705 3122 iidem
722 3057 899 3125 declarant.
925 3059 972 3124 Cf.
993 3057 1149 3124 Valcken.
1166 3057 1200 3120 in
1222 3051 1405 3122 Animudo.

274 3155 317 3219 ad
336 3158 437 3223 Amm'.
457 3182 489 3245 p.
509 3162 564 3227 74.
581 3163 657 3228 Erat
676 3175 782 3230 autem
801 3154 967 3248 ildedapou
988 3153 1027 3226 τό
1041 3157 1099 3242 μὲν
1113 3151 1231 3243 ὄνομα,
1255 3161 1405 3243 utajunt,
1435 3201 1442 3212 ·

273 3251 460 3349 Ἑλληνικόν,
488 3255 508 3352 ἦ
535 3261 574 3329 dd
599 3266 713 3353 χρῆσις
737 3257 891 3354 Περσική.
924 3263 1138 3329 Alexandrum
1160 3265 1221 3329 hoc
1239 3285 1353 3351 munus
1372 3263 1406 3325 in

276 3369 496 3433 Ptolemaeum
514 3372 703 3451 contulisse,
721 3383 912 3458 anteaquam
931 3368 1017 3433 hunc
1036 3369 1070 3432 in
1087 3371 1211 3433 virtutis
1228 3369 1406 3454 praemium

275 3495 399 3540 summa
428 3477 569 3540 omnium
597 3468 880 3566 Σιομοιτοφὺλοικος
905 3475 1060 3563 dignitate
1081 3487 1226 3554 ornaret,
1258 3473 1405 3562 (quoda.

275 3582 344 3646 330
373 3582 494 3647 lactum
524 3603 591 3647 esse
617 3585 725 3649 monui
754 3605 849 3669 supra
873 3606 903 3668 p.
927 3585 965 3661 7,
996 3603 1060 3670 quo
1079 3581 1147 3645 lere
1167 3593 1309 3667 tompore
1333 3579 1406 3645 reli-

276 3709 380 3773 quum
397 3673 568 3754 'Persarum
584 3677 814 3778 Medorumque
831 3688 956 3756 cultum
971 3683 1104 3774 induit),
1123 3699 1190 3752 tum
1208 3710 1265 3774 por
1283 3709 1315 3752 se
1333 3710 1406 3773 pro·

275 3794 384 3856 babile
401 3783 465 3875 est,
484 3807 550 3860 tum
568 3796 643 3860 indo
671 3797 821 3878 conjicias
848 3797 944 3870 licet.
972 3795 1058 3884 quod
1079 3793 1195 3861 Chares
1211 3794 1277 3877 jam
1302 3796 1406 3859 tertio

276 3899 361 3964 libro
387 3902 558 3966 Ptolemaei
584 3890 750 3988 'Edeoirpoo
779 3905 971 3968 mentionem
999 3901 1129 3986 injecit,
1159 3924 1261 3989 quum
1285 3901 1407 3988 qllinto

276 4007 406 4070 demum
427 4006 466 4071 de
486 4010 610 4096 Regum
632 4010 797 4073 Persarum
819 4010 961 4075 moribus
983 4010 1163 4095 exposuisse
1184 4007 1344 4084 videatur,
1370 4015 1405 4068 ut

277 4113 398 4180 indicat
420 4105 544 4202 Fragm.
569 4117 639 4185 vlt.

809 4310 865 4376 Ν.

325 4480 486 4550 Plutarch.
514 4480 590 4548 Vis.
613 4482 710 4548 Alce.
733 4484 850 4552 xxtv.
875 4472 941 4548 Atti
961 4478 1065 4563 μέσου
1079 4480 1137 4568 τῆς
1155 4467 1291 4564 (Τύρον)
1310 4475 1402 4540 πολι-

279 4583 404 4668 ορκιάς,
426 4585 481 4652 ἐπὶ
501 4580 580 4662 τούς
593 4577 741 4674 ’Ἀροβοις
761 4582 838 4661 τούς
858 4583 1113 4675 προσοικοῦντας
1133 4579 1182 4663 τῴ
1204 4567 1405 4660 Ἀντιλιβάνῳ

280 4679 478 4772 (ῖῖθῑΐῑέὗσᾱς
488 4681 738 4778 (Ἀλέξανδρος),
752 4681 947 4759 ἐκινδύνευσε
958 4679 1077 4754 dicistis
1086 4677 1291 4771 παιδαγωγόν
1301 4681 1406 4750 Λυσί-
