3617 5892
957 714 998 777 58

420 892 517 957 litatis
535 890 602 969 rel,
619 889 774 966 rimaris,
796 887 1029 974 superstitionis
1039 910 1103 953 non
1118 888 1340 966 Aristobulns,
1358 887 1415 953 sod
1430 906 1542 955 aarum

327 1062 332 1067 .
422 1020 487 1085 quo
507 996 583 1061 rixit
608 994 817 1059 incusandum
844 994 884 1059 sit
896 990 937 1080 1);
956 995 989 1058 in
1017 993 1158 1076 ejusdem
1183 1012 1256 1061 sero
1283 997 1365 1061 vitiis
1389 1018 1543 1081 reponere

420 1105 525 1190 potius
540 1104 779 1189 praeposterum
797 1098 958 1186 quoddam
974 1100 1147 1165 Alexandri
1163 1101 1322 1180 studium,
1338 1124 1406 1188 quo
1423 1104 1543 1169 lactum

419 1221 457 1274 ut
476 1230 538 1273 nun
556 1228 679 1293 semper
703 1230 775 1273 enm
799 1228 832 1270 se
853 1207 1055 1292 probaverit,
1076 1208 1134 1293 qni
1156 1230 1207 1271 res
1228 1208 1317 1273 illins
1343 1198 1446 1294 gestas
1470 1210 1543 1273 sim·

419 1314 544 1400 pliciter
555 1311 755 1399 candideque
772 1323 954 1398 exponeret.
978 1313 1142 1378 Pertinent
1156 1312 1222 1379 bne
1231 1314 1342 1381 eadem
1353 1336 1439 1402 qnae
1448 1336 1542 1401 supra

418 1419 458 1483 de
479 1421 659 1485 Ptolemaeo
686 1420 921 1484 observavimus
949 1442 958 1483 r
988 1421 1126 1485 narratio
1148 1420 1190 1485 de
1218 1423 1337 1500 eorvis,
1363 1420 1543 1487 Alexandro

416 1528 500 1591 riam
520 1526 767 1592 monstrantibus
786 1525 826 1591 ad
845 1528 1012 1591 oraculum
1028 1526 1191 1591 Ammonis
1200 1525 1240 1613 ²);
1266 1527 1306 1591 de
1333 1526 1539 1605 Callisthene,

416 1632 642 1717 conjurationis
673 1634 705 1697 iu
736 1633 950 1698 Alexandrum
977 1655 1105 1698 suasore
1116 1630 1162 1719 ³);·
1182 1634 1322 1718 pertinet
1348 1634 1443 1697 etiam
1467 1633 1542 1697 Ale·

393 1770 397 1781 ·
416 1737 535 1805 xandro
556 1739 716 1825 adscripta
741 1740 969 1825 temperantiae
988 1737 1137 1825 virtues),
1164 1760 1261 1827 quam
1278 1749 1403 1825 praeter
1421 1739 1539 1804 Aristo·

416 1846 529 1911 bulum
547 1868 639 1911 nemo
655 1847 786 1913 fortasse
797 1846 846 1909 illi
863 1844 1122 1932 vindicaverim).
1145 1847 1251 1934 Atque
1267 1845 1347 1911 baec
1364 1845 1539 1910 adulatoria

402 1950 544 2031 ¹dicendi
564 1954 643 2017 ratio
668 1934 752 2017 bauti
773 1954 837 2018 scic
861 1952 1010 2039 equidem
1031 1976 1071 2017 an
1090 1954 1186 2017 unius
1203 1951 1376 2018 Alexandri
1392 1951 1537 2017 laudibus

414 2052 633 2143 praedicandis
661 2061 743 2125 enim
772 2070 920 2125 contenta
943 2060 1050 2149 luerit.
1075 2060 1116 2124 Ut
1139 2058 1219 2145 qnid
1238 2060 1370 2123 sentiam
1390 2061 1535 2147 eloquar,

413 2164 539 2229 videtur
555 2166 683 2231 omnino
703 2188 760 2251 per
777 2178 879 2231 totum
897 2166 1074 2230 Aristobuli
1091 2189 1169 2251 opus
1185 2164 1319 2230 diffusus
1337 2166 1436 2230 luisse
1451 2166 1538 2230 lnca-

412 2278 462 2336 tns
481 2271 614 2359 quidam
634 2274 783 2337 orationis
803 2274 890 2338 color
916 2282 1013 2359 atque
1034 2284 1225 2359 exaggerata
1252 2273 1367 2352 dictio,
1389 2294 1455 2359 qua
1473 2292 1537 2337 sae·

316 2440 321 2453 ,
411 2377 483 2462 pius
511 2400 574 2441 non
614 2378 745 2465 quidem
773 2379 848 2445 licta
882 2402 941 2466 pro
968 2381 1049 2444 reris
1082 2378 1333 2458 commendavit,
1371 2377 1428 2442 sed
1460 2378 1535 2442 reris
1592 2426 1594 2432 .

411 2483 611 2569 aliquatenus
632 2484 779 2551 fictorum
806 2486 945 2572 speciem
973 2487 1170 2564 conciliarit,
1193 2507 1295 2571 purae
1312 2495 1399 2549 certe
1418 2506 1457 2549 ac
1478 2484 1535 2548 sin-

411 2610 503 2653 cerae
522 2612 629 2656 rerum
650 2593 836 2679 expositioni
857 2594 891 2657 in
911 2593 1020 2678 primis
1040 2592 1156 2658 offecit.
1179 2592 1275 2674 Quod
1301 2592 1434 2678 quidem
1455 2592 1536 2659 unde

411 2694 561 2777 efficiam,
582 2699 696 2763 ultimo
715 2699 787 2763 loco
801 2698 868 2782 jam
887 2699 1048 2765 indicabo.

453 2803 594 2869 Primum
610 2806 710 2891 igitur
728 2806 887 2891 proferam
904 2806 1117 2869 narrationem
1127 2803 1303 2892 quandam,
1316 2804 1440 2869 obviarn
1450 2805 1536 2891 apud

408 2908 599 2988 lucianum,
626 2930 707 2995 quae
735 2921 771 2974 nt
800 2910 928 2975 dicendi
951 2932 1050 2997 genus
1077 2911 1260 2976 Aristobulo
1281 2912 1441 2997 proprium
1470 2933 1537 2976 non

408 3013 544 3077 obscure
571 3013 708 3099 indicat,
742 3015 784 3078 ita
811 3017 905 3080 etiam
940 3016 1033 3081 simul
1060 3016 1099 3080 ad
1133 3017 1318 3083 historicam
1345 3018 1409 3102 ejus
1437 3016 1537 3082 iidem

408 3138 465 3180 suo
492 3119 595 3202 pretio
619 3120 845 3187 aestimandam
877 3121 1015 3187 multum
1044 3125 1178 3190 confert.
1211 3112 1534 3211 Ἀριστοβούλου,

406 3224 528 3310 inquit,
551 3223 749 3308 μονομαχίαν
776 3217 964 3316 γράψαντος
995 3219 1212 3317 Ἀλεξάνδρου
1236 3226 1290 3293 καί
1316 3218 1453 3315 Παίρου,
1480 3223 1534 3289 καί

407 3318 591 3414 ἀναγνόντος
611 3318 699 3413 αὐτῷ
724 3329 818 3395 τοῦτο
834 3320 975 3414 μάλιστα
999 3323 1038 3399 rei
1062 3330 1182 3421 χωρίον
1200 3331 1257 3418 τῆς
1276 3330 1419 3419 γραφῆς,
1440 3318 1533 3416 (ᾤετο

405 3423 466 3520 γαρ
487 3435 675 3527 χαριεῖσθαι
689 3427 731 3497 τοὶ
738 3430 875 3520 μέγιστα
889 3435 938 3520 τῷ
952 3435 1083 3517 βασιλεῖ
1100 3424 1364 3524 ἐπιψευδόμενος
1370 3424 1535 3522 ἀριστείας

404 3527 614 3621 rodemiam,
635 3534 689 3601 καί
702 3527 910 3603 ἀναπλάττων
930 3534 1007 3627 ἔργα
1026 3536 1128 3621 μείζω
1148 3540 1204 3626 γῆς
1223 3534 1409 3627 ἀληθείας)
1429 3527 1535 3619 λαβών

406 3634 521 3712 ἐκεῖνος
548 3632 587 3706 rel
612 3638 750 3723 βιβλίον,
781 3639 945 3729 (πλέοντες
974 3634 1178 3729 δ’ἐτύγχανον
1203 3640 1235 3708 ἐν
1260 3641 1310 3726 τῷ
1331 3634 1473 3724 παταμῷ
1490 3636 1536 3722 τῷ

404 3728 581 3825 Ὑδάσπεα)
608 3736 744 3830 ἔρριψεν
771 3742 826 3809 ἐπὶ
845 3739 988 3833 κεφαλήν
1012 3743 1045 3820 ἐς
1069 3738 1108 3812 eri
1127 3738 1232 3835 ὕδωρ,
1253 3734 1414 3825 ἐπανιών·
1449 3740 1535 3809 «Καὶ

406 3838 445 3907 σὲ
464 3838 502 3907 δὲ
518 3834 620 3917 οὕτως
640 3842 744 3934 ἐχρῆν,
766 3834 794 3911 ὦ
816 3837 1110 3936 Ἀριστόβουλε,
1129 3849 1260 3915 τοιαῦτα
1278 3838 1361 3937 ὑπὲρ
1382 3846 1463 3929 ἐμοῦ
1476 3872 1534 3932 μο-
1617 3923 1618 3940 ρ

402 4130 570 4178 ντανοοίίίοατ
588 4129 648 4178 dont
665 4137 721 4179 tens
739 4132 777 4179 les
795 4133 935 4182 historiens
952 4133 1126 4185 d'Alseanrlrs
1135 4136 1234 4195 fureret
1250 4133 1350 4200 ipris.»
1370 4136 1533 4200 Spectantes

402 4216 498 4279 Fragm.
517 4216 566 4279 XI,
585 4215 648 4280 LIV,
667 4216 717 4267 LV.
885 4256 892 4263 .
1406 4206 1411 4213 ’

436 4300 462 4364 1)
480 4304 516 4352 Cf.
534 4303 614 4351 lllrici
633 4304 751 4353 Olsaraet.
770 4304 795 4357 d.
813 4312 865 4355 unt.
885 4308 1043 4372 Historiepr.
1062 4324 1088 4372 p.
1106 4306 1141 4356 52
1158 4324 1197 4373 aq.

436 4386 463 4452 2)
480 4388 577 4452 Frapm.
594 4390 636 4443 Xl.

436 4472 464 4537 3)
479 4476 581 4539 Fragm:
594 4476 692 4530 xxvtt.
709 4478 745 4527 (ll.
764 4492 829 4541 quas
847 4493 923 4545 snpra
940 4480 1086 4530 monuimus
1103 4496 1129 4544 p.
1145 4477 1188 4530 14.

436 4549 462 4622 ’4)
480 4561 576 4624 Fragm.
594 4562 678 4614 LVlll.
975 4576 979 4591 ¹

437 4642 464 4711 5)
482 4648 573 4699 matra
586 4650 618 4699 de
634 4650 748 4714 ejusdam
764 4651 867 4714 ingenio
884 4650 991 4701 candide
1010 4666 1121 4715 vereque
1139 4653 1290 4718 pronuntiat
1306 4652 1402 4715 tmpus.
1418 4652 1453 4715 b,
1473 4667 1532 4701 cau·

401 4748 454 4783 earu
471 4733 598 4798 explicanr
614 4742 745 4803 susceptae
763 4738 790 4789 in
807 4736 904 4791 Arabes
921 4738 1093 4803 expeditionis.
