3617 5892
891 698 1090 772 ,tet‘

419 863 588 960 τριάκοντα
607 871 699 950 μναῖ,
720 865 774 934 καὶ
792 867 840 954 τῶ
854 866 955 955 τρίτῳ
970 866 1056 934 δέκα.
1083 867 1154 934 Τῶν
1171 856 1226 934 οὖν
1238 859 1445 936 undeuuanda
1460 863 1550 940 οἶνον

419 971 619 1061 παραχρῆμα
643 966 701 1052 μὲν
727 958 935 1057 ἐτελεύτησαν
959 960 1027 1038 dard
1050 969 1110 1038 τοῦ
1136 961 1266 1060 ῳυχους
1290 961 1466 1061 spadana
1494 975 1549 1040 καὶ

419 1073 536 1143 πέντε·
562 1067 676 1163 μικρῶν
694 1071 733 1140 dd
753 1060 956 1148 διαλαῶντες
976 1069 1009 1138 ἐν
1029 1075 1101 1147 ταῖς
1122 1077 1249 1160 Μᾱῖέ
1269 1071 1313 1154 ἐξ·
1340 1067 1373 1144 Ὁ
1393 1073 1429 1143 δὲ
1451 1076 1548 1142 πλεῖ

419 1197 495 1247 υτον
520 1169 604 1244 πιῶν
628 1175 682 1244 κοιλ
708 1165 836 1264 νικήσας
859 1169 933 1242 ἔπιε
952 1172 1011 1259 μὲν
1031 1165 1171 1263 ἀκράτου
1191 1166 1271 1260 χόας
1290 1175 1469 1266 τέσσαρας,
1493 1180 1546 1246 καὶ

419 1271 458 1349 ω
477 1269 631 1350 same
650 1275 779 1363 enee,
800 1275 918 1360 υωαε
939 1274 977 1343 οι
997 1267 1120 1366 pape
1139 1273 1317 1366 τοσσαρις,
1339 1277 1486 1350 eane«,
1510 1283 1545 1350 ss

419 1373 608 1472 Πρόναοι.
1118 1407 1123 1424 ·

462 1649 623 1716 Plutarch.
649 1645 724 1746 Vs’t.
749 1646 846 1712 Alce.
868 1645 963 1712 txx.
989 1635 1021 1715 ‘0
1040 1641 1254 1735 Ἀλέξανδρος
1274 1639 1343 1712 dard
1359 1647 1417 1735 τῆς
1430 1650 1540 1738 πυρᾶς

417 1746 597 1842 γενόμενος,
619 1750 673 1818 καλ
694 1742 878 1837 συναγωγῶν
895 1739 1039 1822 πολλοῦς
1058 1747 1122 1812 τῶν
1143 1747 1249 1836 φίλων
1269 1746 1322 1813 καὶ
1342 1750 1406 1815 τῶν
1423 1741 1539 1840 ἦγεμό.

417 1881 479 1923 νων
499 1853 555 1922 ἐπὶ
576 1855 717 1935 δεῖπνον,
740 1843 847 1938 οἷγῶυα
860 1842 1032 1942 προῦθηκε
1044 1849 1098 1917 καλ
1114 1847 1275 1939 στέφανον
1287 1844 1537 1942 ἀκρατοποσίας.

414 1951 448 2029 Ὁ
461 1957 520 2044 μὲν
532 1947 589 2025 οὖν
600 1957 751 2023 πλεῖστον
763 1949 856 2037 πιῶυ,
873 1943 1066 2043 Πρόμαχος,
1083 1945 1162 2042 ῶχρι
1175 1953 1261 2036 χοῶν
1273 1946 1440 2043 τεσσάρων
1453 1981 1536 2042 προ-

418 2061 523 2151 ῆλθε·
550 2058 605 2126 καλ
629 2053 737 2142 λοβῶν
759 2053 799 2124 ad
821 2047 1012 2146 νικητήριον,
1041 2055 1201 2146 στέφανον
1221 2049 1391 2140 ταλάντου,
1414 2050 1536 2147 ἡμέρας

416 2169 506 2253 τρεῖς
519 2161 665 2252 ἐπέζησε.
691 2162 763 2228 Τῶν
779 2160 816 2228 δὲ
830 2154 947 2240 ἄλλων,
963 2149 1009 2234 ῶς
1024 2149 1165 2249 Χάρης
1180 2161 1293 2249 φησὶν,
1308 2153 1534 2250 τετταράκοντα

417 2267 471 2334 καλ
483 2261 530 2343 ada
537 2261 704 2334 ἀπέθανον
714 2264 873 2344 πίνοντες,
885 2261 1022 2349 ἰσχυροῦ
1028 2261 1069 2351 τῇ
1077 2261 1166 2351 μέθῃ
1176 2253 1296 2351 κρύους
1307 2262 1532 2350 ἐπιγενομένου.

462 2373 614 2438 Athenaei
642 2371 714 2434 loce
731 2369 1050 2456 Schweighaeuserus
1070 2389 1107 2433 ex
1125 2391 1190 2433 uno
1208 2369 1319 2433 codice
1335 2370 1409 2452 jure
1432 2370 1532 2434 vindi-

420 2477 641 2544 casseridetur
651 2497 759 2541 recem
770 2471 951 2563 νενημένην,
968 2494 1061 2560 quae,
1074 2494 1265 2562 quamquam
1277 2477 1318 2539 ab
1327 2477 1533 2562 Epitemalere

418 2584 530 2649 omissa
546 2595 593 2648 est
608 2579 929 2670 salvaquesentenlia
950 2589 1053 2664 petest
1069 2581 1189 2661 emitti,
1208 2583 1332 2666 saepius
1354 2594 1534 2648 tamencum

419 2688 573 2754 vocabule
589 2685 680 2774 need
694 2687 920 2773 conjungitur,
947 2696 984 2748 ut
1002 2707 1053 2771 ap.
1074 2685 1190 2754 Herod.
1211 2687 1236 2754 Ι.
1257 2692 1300 2754 50
1323 2699 1354 2752 et
1373 2689 1412 2752 de
1430 2689 1533 2754 Caleni

418 2816 494 2884 roge
519 2817 571 2880 ap.
596 2794 721 2860 Arriae.
751 2793 825 2862 vll.
857 2775 889 2856 3'.
915 2791 947 2858 2.
971 2791 1084 2855 Mirum
1103 2813 1176 2856 vere
1201 2805 1264 2871 est,
1281 2793 1366 2880 qued
1388 2795 1533 2877 deinceps

416 2900 502 2987 apud
524 2886 722 2976 Athenaeum
746 2896 923 2964 Alexander
949 2895 1120 2961 instituisse
1135 2897 1253 2963 dicitur
1270 2889 1410 2984 γυμνικῶν
1425 2889 1535 2980 υἷγῶνα

416 3003 470 3068 καὶ
496 2997 649 3086 μουσικῶν
668 3000 881 3087 ἐγκωμίων,
913 3023 996 3089 qnae
1016 3016 1174 3088 postrema
1192 3025 1282 3085 reri,¹
1295 3013 1329 3068 ut
1345 2999 1413 3084 jam
1434 2999 1533 3064 anim·

417 3107 552 3171 advertit
576 3106 797 3184 casaubonus,
826 3119 952 3193 praeter
978 3109 1114 3175 alierum
1134 3109 1394 3176 consuetudinem
1414 3105 1533 3190 adjecta

417 3224 475 3280 est.
507 3211 550 3278 Ut
574 3230 659 3274 nunc
679 3209 796 3296 legitur
816 3210 923 3292 locus,
941 3212 984 3277 ita
1001 3224 1124 3279 tantum
1141 3219 1297 3282 musicum
1314 3216 1532 3280 cnccms'erum

292 3354 296 3363 ‚
418 3330 577 3385 certamen
598 3316 857 3402 explicari-posse
876 3315 1020 3394 ridetur,
1039 3330 1077 3384 ut
1091 3321 1296 3400 Macedones,
1313 3321 1531 3407 praemicpru·

417 3425 538 3510 posito,
552 3423 586 3486 in
594 3419 703 3487 calani
713 3422 859 3491 laudibus
867 3423 1087 3507 praedicandis
1097 3427 1179 3497 inter
1191 3451 1224 3492 se
1233 3440 1368 3494 certasse
1379 3437 1531 3513 putemus;

417 3513 500 3616 quae
529 3540 633 3593 tamen
662 3527 832 3612 explicatio
859 3549 970 3594 vereor
995 3552 1036 3595 an
1052 3525 1277 3620 satisplaceat.
1301 3532 1388 3617 Quid
1409 3532 1532 3598 Arriano

418 3634 576 3698 laudando
603 3633 737 3697 voluerit
757 3630 1097 3720 Schweighaeuserus‚
1128 3661 1189 3703 non
1217 3662 1376 3726 assequor.
1401 3640 1431 3703 Is
1456 3638 1532 3702 enim

418 3738 488 3808 vll.
509 3739 622 3804 '1410
644 3738 700 3825 (cl.
719 3739 778 3805 111.
802 3742 832 3805 1.
850 3742 889 3819 4,
909 3746 941 3807 5.
963 3744 1000 3820 2,
1022 3747 1053 3810 6.
1074 3741 1118 3831 1.)
1142 3736 1248 3829 ῶγῶνα
1267 3733 1413 3829 γυμνικόν
1432 3737 1533 3806 τεκαὶ

415 3838 569 3928 μουσικῶν
585 3855 865 3931 ωοιοουοῑ,ριιιιιο
878 3861 938 3932 pro
950 3851 1070 3915 musico
1083 3851 1255 3914 cer-tamine
1266 3849 1359 3913 mode
1371 3845 1532 3930 λαμπαδη-

418 3944 556 4035 δρομίαν
569 3947 708 4012 habitam
729 3961 836 4014 narret
856 3950 911 4038 (ΙΙ.
930 3954 983 4020 24.
1004 3958 1044 4034 6,
1070 3956 1129 4022 ΙΙΙ.
1155 3959 1208 4022 16.
1229 3951 1295 4041 9.),
1317 3965 1414 4038 quam
1434 3960 1528 4014 tamen

417 4053 495 4122 alibi
514 4054 567 4141 (ΙΙ.
592 4059 623 4123 5.
645 4053 692 4134 3.)
708 4053 757 4118 illi
776 4054 959 4143 conjungit,
985 4059 1078 4132 medo
1095 4051 1228 4126 ἱππικόν
1246 4049 1354 4143 οἷγῶνα
1373 4057 1425 4143 (ΙΙ.
1447 4059 1476 4122 3.
1492 4058 1526 4133 6,

418 4163 450 4233 Β.
483 4165 523 4240 3.,
554 4163 610 4231 20.
640 4165 676 4239 1,
708 4162 762 4227 29.
791 4157 853 4247 2.);
885 4163 943 4229 aed
963 4155 1083 4250 οἷγῶυος
1102 4163 1256 4248 μουσικοῦ
1274 4160 1435 4246 ἐγκωμίων
1449 4160 1531 4224 nulla

418 4289 553 4354 usquam
570 4266 655 4353 apud
673 4268 768 4334 illum
783 4279 883 4335 exstat
893 4271 1055 4338 memoria.
1077 4269 1225 4352 Ejusdem
1237 4267 1320 4354 apud
1332 4267 1532 4336 Plutarchum

419 4394 551 4460 quoque
578 4375 750 4462 vestigium
781 4372 868 4440 haud
894 4376 1072 4455 inveneris,
1098 4377 1155 4462 qui
1185 4373 1219 4440 V
1220 4377 1259 4439 it.
1279 4371 1376 4442 Adae.
1394 4375 1439 4444 IV
1457 4376 1532 4440 inter

419 4480 540 4544 musica
555 4481 747 4560 certamina,
766 4501 849 4568 quae
860 4481 1038 4548 Alexander
1050 4480 1145 4548 edere
1156 4491 1377 4559 consueverat,
1396 4491 1532 4546 recenset

420 4568 541 4661 ἀγῶνας
560 4575 598 4647 ου’
616 4574 714 4666 μόνον
730 4584 906 4672 τραγῳδῶν
924 4584 978 4652 καλ
998 4581 1137 4675 milipeda
1155 4583 1211 4650 καὶ
1229 4584 1437 4678 κιθαρῳδῶν,
1461 4576 1533 4650 cille

419 4677 473 4744 wi
493 4681 666 4769 ῥαψῳδῶν.
688 4689 770 4753 Hinc
785 4691 886 4774 igitur
901 4702 938 4757 ut
957 4691 1036 4756 nihil
1057 4692 1203 4776 praesidii
1223 4701 1352 4776 paratur
1369 4689 1409 4756 ad
1431 4710 1529 4754 recem
