3617 5892
927 716 948 779 6

376 889 546 955 amicitiam
556 886 872 973 accesseritPhilippi
882 888 996 973 Regis,
1013 886 1120 951 adulta
1133 898 1236 951 aetate
1248 886 1316 971 ejus
1328 887 1431 974 gratia
1442 886 1503 951 flo-

337 1022 340 1031 ·
375 992 525 1081 rneritl).
540 995 604 1079 Qui
616 1014 716 1081 quum
727 994 871 1079 proximo
881 1003 1076 1058 antenecem
1086 1014 1215 1057 ennoea
1226 1004 1372 1074 strueret,
1383 992 1502 1080 quibus

375 1210 508 1276 lquihus
526 1209 653 1260 Theocriti
667 1210 782 1259 rersihus
809 1226 884 1260 nemo
918 1211 1065 1275 qaisquam,
1093 1210 1197 1275 opinor,
1225 1210 1318 1260 efficiet
1339 1210 1408 1275 quod
1427 1208 1503 1258 Gcie-

374 1314 418 1347 rus
441 1298 541 1359 all'eoit,
559 1296 602 1345 cui
621 1312 680 1345 saue
703 1296 857 1361 imprudenti
875 1296 939 1345 haec
956 1296 1105 1345 exciderunt
1122 1296 1198 1347 verha
1217 1312 1243 1362 p.
1265 1294 1282 1344 7
1300 1314 1307 1345 :
1332 1296 1504 1345 «Theocritus

372 1382 460 1446 attigit
474 1383 563 1431 lamam
577 1382 609 1430 de
623 1381 740 1447 Philippo
759 1382 897 1431 Ptolemaei
914 1387 1014 1447 patre.»
1044 1382 1099 1447 Quo
1111 1366 1178 1431 enim
1194 1382 1336 1432 dementiae
1349 1381 1504 1447 pronomine

373 1472 473 1535 poetam
482 1472 613 1534 putemus,
628 1468 674 1530 qui
689 1468 717 1516 in
732 1469 859 1532 carmine,
878 1468 910 1518 ad
925 1467 1118 1532 Philadelphum
1135 1467 1306 1517 Ptolemaeum
1325 1469 1435 1533 scripto,
1449 1472 1505 1515 tam

373 1570 450 1618 grave
466 1552 589 1602 natalium
604 1551 753 1615 lapidatum
773 1553 900 1618 dedecus,
920 1553 1083 1617 quantumvis
1098 1558 1180 1617 tecte,
1197 1552 1358 1616 designaret?
1375 1553 1424 1601 Sed
1437 1552 1504 1601 illuc

373 1642 459 1691 redeo.
476 1640 579 1689 Dictum
593 1638 721 1687 Theocriti
736 1639 860 1689 indicium
874 1639 1018 1701 degeneris
1037 1634 1241 1704 propinquitate,
1259 1653 1324 1702 quae
1341 1638 1412 1688 inter
1427 1637 1505 1687 Alex-

371 1728 479 1778 andrum
501 1728 529 1774 et
550 1723 722 1775 Ptolemaeum
750 1719 910 1791 intercessit,
942 1725 1044 1788 egregie
1069 1730 1096 1775 at
1118 1726 1283 1775 confirmatur
1307 1730 1335 1775 et
1358 1724 1504 1774 illustratur

372 1816 514 1877 hagmanto
531 1809 639 1874 quodam
660 1803 741 1876 Satyri
758 1812 901 1877 scriptoris,
919 1811 952 1860 ab
972 1811 1081 1861 Eudoeia
1103 1816 1201 1860 serrato
1219 1827 1244 1876 p.
1263 1808 1328 1870 3663
1346 1808 1416 1873 qaod
1434 1808 1503 1859 ande

373 1899 481 1963 potitum
505 1896 596 1961 iverit,
614 1896 706 1945 frustra
724 1896 808 1946 adhuc
830 1898 943 1962 exquiro.
976 1896 1015 1945 Ihi
1037 1896 1116 1959 igitur
1134 1896 1227 1947 Bacchi
1248 1900 1274 1945 et
1292 1896 1416 1945 Althaeae
1433 1894 1502 1959 fllia,

373 1991 504 2053 Deianira,
520 2005 551 2038 ex
566 1989 676 2039 Hercule
691 1991 839 2056 concepisse
852 1991 948 2041 dicitur
959 1972 1067 2042 Ὓαλον
1084 1994 1112 2061 (Ι.
1124 1974 1254 2057 Ὕλλον),
1272 2006 1353 2054 aquo
1369 2004 1505 2039 numeran-

318 2084 321 2090 ’
373 2098 417 2141 tut
433 2091 555 2155 deincep·
577 2073 781 2159 Κλὲόδαῐμθς,
799 2090 828 2159 (Ι.
846 2076 1027 2161 Kleddnrog,
1051 2099 1080 2144 ut
1097 2094 1124 2143 in
1148 2092 1250 2141 Diodori
1268 2091 1358 2153 fragm.
1382 2104 1424 2155 ap.
1440 2090 1505 2153 Syn-

373 2191 448 2254 cell,
471 2205 518 2256 pro
543 2206 595 2254 qao
619 2190 733 2241 Dindors.
756 2207 783 2257 p.
804 2188 855 2241 499
878 2195 944 2244 male
967 2178 1161 2257 KAsada'tovg
1177 2192 1267 2241 lictum
1287 2204 1381 2239 nomeu
1397 2186 1504 2254 recepit)

371 2274 604 2365 Ἀριστόμαχος,
621 2271 772 2361 Τήμενος,
788 2284 924 2359 Κεῖσιος.
947 2298 1004 2365 (Δρ.
1019 2297 1091 2349 Diod.
1110 2296 1199 2357 utiquo
1215 2290 1281 2341 mele
1292 2290 1412 2340 scribitur
1425 2276 1504 2340 Κίσ-

373 2404 447 2459 σιος,
468 2412 518 2447 uec
532 2396 624 2447 melius
641 2377 746 2458 Κᾶσος
760 2413 801 2463 ap.
814 2398 912 2448 Pausau
929 2399 964 2449 11.
984 2395 1026 2447 12.
1045 2394 1071 2447 6.
1089 2389 1283 2444 Restiluendum
1296 2389 1401 2438 sortasse
1420 2392 1505 2441 uhiais

372 2484 489 2560 ΚΙσσος
504 2484 553 2546 sel'
561 2483 695 2564 Κεῖσος.)
719 2494 868 2572 &quantur
889 2514 921 2549 ex
942 2499 1024 2563 Satyri
1044 2495 1193 2547 recensione
1217 2472 1353 2563 Μάρων,
1366 2474 1504 2558 Θέστιος,

371 2582 536 2670 mesi),
556 2581 765 2670 Ἀριστομίδσς
787 2597 816 2665 (l.
842 2603 873 2648 ut
897 2616 937 2665 ap.
964 2599 1037 2650 Diod.
1061 2580 1333 2669 Ἀριστοδαμῖδας),
1353 2610 1384 2643 ex
1402 2593 1506 2644 Diodori

372 2684 508 2764 Θέστιος,
530 2684 663 2768 Maponi,
685 2683 952 2772 Ἀριστοδαμίδας,
975 2685 1107 2762 Φείδων,
1129 2713 1238 2763 quoram
1256 2680 1379 2761 Θέστιος
1399 2698 1425 2746 in
1438 2696 1505 2747 edit.

371 2804 447 2854 Diod.
465 2804 573 2869 pessime
591 2790 735 2854 Θιοστιόυ
752 2805 855 2854 nomine
874 2806 989 2851 vocatur.
1012 2802 1103 2851 Utrum
1124 2815 1212 2849 verum
1236 2799 1283 2859 sit,
1305 2784 1360 2850 ¹non
1377 2815 1447 2849 curo.
1473 2800 1505 2849 ln

374 2894 473 2943 Uareno
487 2897 588 2956 umen,
610 2894 710 2944 decimo
732 2893 764 2942 ab
779 2892 902 2954 hercule,
921 2890 1044 2941 Diodorou
1066 2892 1154 2956 Satyro
1172 2890 1332 2940 conciliatur.
1351 2890 1407 2939 Fuit
1419 2894 1505 2940 autem

372 2980 482 3028 Caranus
498 2977 544 3026 ille
562 2978 680 3027 conditor
697 2979 769 3040 regni
789 2976 944 3026 Macedonici
961 2978 1037 3045 (vell.
1052 2978 1106 3027 Pat.
1124 2977 1144 3025 1.
1165 2975 1194 3035 6;
1213 2977 1305 3029 lustin.
1323 2977 1380 3026 Vll.
1395 2976 1425 3041 1,
1440 2974 1506 3041 alii),

373 3065 416 3113 cui
439 3064 509 3113 filius
533 3064 643 3126 Coenus,
667 3079 747 3129 nepos
766 3066 923 3128 Tyrimnrae,
949 3068 1057 3127 uterque
1082 3063 1244 3113 Macedoniae
1264 3065 1316 3112 llex
1338 3064 1438 3129 (Euseb.
1462 3079 1505 3129 ap.

373 3149 465 3213 Scalig.
482 3165 508 3214 p.
524 3147 571 3206 5⁷;
588 3149 699 3213 Syneon.
716 3150 734 3200 l.
753 3149 792 3214 1.),
805 3156 914 3213 uterque
931 3151 1006 3199 etiam
1025 3148 1162 3199 Ptolemaei
1178 3154 1204 3197 et
1220 3148 1354 3198 Alexandri
1367 3148 1506 3213 majoribus

372 3234 555 3285 accensendus.
583 3235 605 3283 A
629 3235 753 3299 Tyrimma
775 3252 849 3300 vero,
870 3236 912 3285 cui
930 3236 1063 3285 Perdiccas
1082 3236 1204 3285 successit
1219 3236 1264 3301 (Cf.
1283 3235 1384 3284 Clinton
1408 3252 1432 3301 p.
1453 3233 1506 3287 2³6

373 3317 450 3386 sqq.)‚
467 3321 512 3370 alii
529 3326 696 3371 numerantur
715 3324 873 3388 Alexandro,
896 3323 941 3373 alii
957 3323 1102 3373 Ptolemaeo
1119 3323 1240 3387 majorem
1262 3321 1325 3385 nisi,
1345 3322 1414 3384 quod
1430 3322 1505 3369 saeile

373 3407 476 3457 evenire
493 3407 592 3472 potuit,
609 3406 737 3471 aliquosa
756 3411 843 3473 Satyro
864 3410 969 3458 omissos
983 3410 1071 3459 credas
1092 3410 1159 3458 iuter
1178 3408 1327 3472 Tyrimmam
1344 3412 1371 3455 et
1388 3408 1507 3457 Aleetom

372 3497 450 3556 atque
472 3494 621 3559 Amyntam,
644 3510 708 3558 quos
728 3495 850 3560 deinceps
866 3499 1003 3557 memorat,
1021 3510 1180 3560 quorumque
1198 3492 1240 3543 hic
1264 3493 1330 3543 ultra
1348 3510 1371 3543 a.
1394 3491 1445 3542 507
1465 3510 1507 3543 re·

374 3594 463 3640 gaasse
484 3579 595 3631 ridetur.
622 3581 658 3629 Cl.
682 3580 782 3630 clinton
800 3597 826 3646 p.
848 3579 909 3631 237.
934 3580 1044 3630 Tandem
1064 3582 1091 3629 in
1112 3580 1192 3643 Satyri
1211 3579 1352 3643 lragmeato
1370 3580 1506 3643 Amyntam

373 3664 467 3727 excipit
477 3667 590 3728 Beona,
603 3666 673 3713 hunc
683 3667 829 3733 Meleager,
847 3668 923 3730 eujus
936 3667 1014 3717 filiam
1033 3667 1110 3715 luisse
1128 3664 1215 3715 monui
1225 3702 1232 3729 ,
1243 3681 1308 3729 quae
1323 3665 1405 3714 statim
1422 3666 1508 3714 uomi-

373 3754 465 3813 oatur,
475 3749 613 3813 Arsinodn,
633 3751 691 3813 lagi
704 3768 814 3803 uxorem.
834 3754 924 3816 ltaque
941 3756 970 3800 ul
986 3768 1073 3818 reapse
1090 3752 1249 3801 Ptolemaeus
1259 3768 1273 3800 a
1284 3757 1362 3801 matre
1377 3753 1507 3817 sanguine

373 3833 516 3885 Alexandro
536 3824 686 3904 conjunctus
705 3846 774 3901 eret,
797 3838 846 3902 ita,
866 3838 929 3889 licet
943 3838 974 3887 de
994 3836 1098 3903 palerna
1115 3838 1192 3902 stirpe
1207 3836 1272 3885 nihil
1293 3838 1431 3901 quidquam
1449 3852 1508 3886 me-

373 3925 488 3971 moretur
511 3927 611 3987 praeter
635 3923 849 3974 narratiunculam
872 3922 1018 3987 Plutarchi,
1044 3929 1127 3971 tamen
1155 3938 1234 3985 genua
1255 3940 1375 3988 perquam
1398 3925 1507 3972 illustre

301 4055 304 4061 ,
373 4008 518 4057 Ptolemaeo
534 4007 647 4057 tribuere
664 4007 732 4058 haud
747 4010 870 4059 dubitavi.
889 4010 961 4073 Quod
971 4009 1002 4057 ad
1014 4009 1098 4057 Geieri
1111 4012 1164 4056 tum
1181 4024 1292 4058 errorem
1307 4009 1504 4073 corrigendum,

374 4097 428 4142 tum
449 4093 566 4143 lacunam
584 4095 765 4159 supplendam,
787 4096 863 4161 paulo
884 4096 962 4144 altius
983 4100 1099 4162 repetere
1114 4094 1245 4159 fusiusque
1267 4110 1392 4160 exponere
1412 4110 1505 4160 operae

374 4179 486 4242 pretium
503 4179 571 4229 duxi.
1454 4244 1458 4249 ⁵

407 4260 434 4327 1)
451 4264 560 4315 Tutilem
581 4265 677 4315 lustioi
695 4267 774 4332 (xnt.
798 4263 834 4330 4.)
858 4268 1044 4330 narrationem,
1068 4282 1119 4330 qua
1141 4267 1312 4317 Ptolemaeum
1333 4282 1365 4315 ee
1378 4269 1507 4333 gregorio

373 4348 457 4397 milite
471 4349 619 4400 Menander
635 4352 744 4400 uirtutis
759 4367 852 4400 caussa
864 4355 1016 4417 peremisse
1036 4352 1145 4417 dicitur,
1161 4351 1240 4401 verbo
1257 4352 1371 4414 tetigisse
1385 4353 1504 4403 sufficiat.

374 4434 497 4496 Equidem
510 4441 540 4486 ut
547 4475 555 4500 ,
572 4436 633 4502 quid
650 4439 772 4500 sentiam,
782 4436 864 4486 obiter
879 4438 923 4486 hio
936 4454 1066 4501 moneam,
1079 4438 1250 4488 Ptolemaeum
1260 4438 1414 4504 adscriptum
1426 4438 1504 4487 luisse

374 4518 487 4582 conjicio
509 4523 651 4589 principum
675 4524 835 4574 llacedeuiae
853 4522 941 4573 liberis
954 4524 1061 4589 adultis,
1087 4541 1151 4590 quos
1176 4524 1208 4573 ad
1233 4524 1372 4575 custodiam
1391 4525 1505 4591 eorporis

373 4603 505 4671 Philippus
515 4605 605 4671 legisse
619 4610 723 4661 dicitur.
741 4609 798 4660 vid.
813 4610 913 4662 Arrien.
931 4610 974 4660 IV.
989 4608 1030 4659 13.
1043 4609 1075 4667 'l;
1092 4612 1193 4661 Curtius
1208 4611 1239 4660 V.
1255 4609 1280 4659 1.
1298 4609 1348 4675 42,
1362 4612 1431 4662 v111.
1445 4609 1470 4661 6.
1485 4610 1503 4662 2

374 4706 439 4757 sqq.;
459 4690 557 4742 Aelian.
580 4696 606 4745 V.
622 4696 657 4746 Η.
672 4697 738 4746 xlv,
759 4694 802 4760 49,
820 4696 864 4745 ubi
879 4698 922 4748 cll‘.
940 4698 1025 4764 intpp.
1039 4697 1111 4747 Adde
1125 4698 1196 4748 Diod.
1215 4698 1264 4748 Sic.
1281 4698 1358 4749 xvlt.
1375 4696 1417 4751 65.
