3617 5892
957 717 1019 781 tto

427 888 468 954 ad
493 899 617 954 certum
644 899 768 974 tempus
797 889 899 976 redigi
927 901 1105 977 nequeant,
1141 889 1201 954 hac
1230 890 1296 975 ipsa
1324 887 1366 954 de
1391 911 1490 954 causa
1520 876 1557 954 ad

428 996 532 1082 operis
550 996 765 1060 oeconomiam
781 995 1035 1083 cognoscendam
1053 1017 1185 1083 parurn,
1205 1017 1244 1059 na
1261 993 1369 1060 dicam·
1382 995 1465 1060 nihil
1481 1017 1556 1062 eon·

427 1103 544 1167 ferunt.
576 1101 733 1184 Quoniam
753 1101 972 1168 octodecimo
991 1102 1075 1168 libro
1096 1101 1262 1169 Charetem
1285 1113 1417 1188 apparat
1435 1102 1480 1166 de
1498 1085 1556 1168 nh-

427 1209 499 1294 ptiis
522 1209 643 1294 egisse,
666 1229 746 1296 quae
774 1219 806 1272 et
826 1231 896 1274 suas
919 1220 951 1273 et
975 1209 1068 1274 simul
1091 1209 1267 1274 amicorum
1286 1208 1466 1295 plurimas,
1493 1230 1554 1272 uuo

425 1314 493 1377 iere
520 1325 594 1379 ante
618 1314 741 1379 obitum
769 1335 870 1394 anno,
902 1314 1082 1380 Alexander
1106 1315 1193 1380 Susis
1219 1313 1391 1381 celebravit
1405 1311 1453 1400 1);
1483 1315 1553 1378 hinc

426 1418 556 1505 quidem
573 1420 648 1485 satis
663 1419 756 1485 firmo
773 1422 873 1507 petito
889 1431 1079 1508 argumento
1096 1420 1181 1486 haud
1198 1421 1265 1485 scio
1281 1443 1322 1486 aa
1341 1430 1429 1486 recte
1449 1421 1553 1486 ilisto-

426 1525 486 1590 rias
502 1525 643 1593 Charetis
659 1526 693 1590 in
709 1525 837 1607 decem
854 1549 914 1594 nec
929 1529 1038 1615 plures
1052 1527 1150 1592 libros
1163 1526 1278 1594 divisas
1291 1526 1388 1591 luisse
1404 1537 1552 1593 statuam.

468 1633 506 1696 ln
526 1653 633 1697 rerum
654 1632 825 1699 Alexandri
846 1633 1060 1721 descriptione
1081 1653 1163 1721 quac
1187 1634 1308 1697 luerint
1329 1631 1458 1698 Chareti
1480 1653 1553 1718 pro·

425 1738 494 1823 pria
509 1738 642 1816 merita,
659 1759 733 1804 sane
750 1761 847 1826 quam
860 1739 965 1805 densis
980 1751 1027 1806 est
1039 1740 1178 1805 tenebris
1191 1739 1390 1806 obvolutum.
1415 1739 1551 1806 Omnino

426 1842 572 1909 ridentur
594 1845 751 1910 Historiae
781 1845 925 1912 Charetis
951 1847 1120 1934 perspicua
1146 1845 1276 1933 quidem
1303 1856 1336 1910 et
1360 1847 1467 1910 nativa
1485 1867 1549 1910 ora-

426 1951 510 2014 tiona
529 1948 625 2015 luisse
644 1939 859 2039 perscriptae,
883 1951 994 2018 sedin
1016 1953 1183 2039 plurimis,
1208 1973 1290 2038 quae
1311 1952 1386 2017 olim
1404 1952 1550 2016 fereban-

425 2067 496 2136 tur,
526 2055 567 2121 de
590 2057 770 2124 Alexandro
797 2059 1052 2139 commentariis,
1077 2059 1272 2145 paucissimis
1294 2059 1407 2126 lectae.
1442 2059 1547 2136 Certe,

424 2173 646 2250 praeterquam
665 2163 848 2245 Athenaeo,
871 2187 910 2229 ex
929 2165 1075 2230 omnibus
1090 2166 1299 2252 scriptoribus
1309 2165 1365 2230 uni
1378 2165 1548 2230 Plutarcho

424 2270 469 2332 ita
484 2268 665 2350 laudantur,
687 2282 722 2335 ut
739 2293 791 2335 aas
809 2272 890 2358 quin
907 2271 1024 2358 legerit
1043 2273 1093 2336 rix
1111 2272 1151 2336 sit
1173 2271 1322 2350 dubium3
1348 2270 1507 2349 Plinium,
1525 2271 1547 2332 si
1621 2335 1622 2338 ,

304 2438 308 2449 ,
378 2433 382 2438 .
423 2376 467 2437 ita
488 2375 812 2460 placet,addeanam
828 2377 970 2444 Gellium
981 2377 1261 2465 quidmemorem,
1286 2379 1342 2466 qui
1353 2399 1410 2441 sua
1421 2375 1547 2441 aliunde

423 2479 543 2560 hausit,
571 2483 639 2566 ipso
663 2482 815 2548 Historias
838 2483 981 2551 Charetis
1005 2507 1068 2550 non
1082 2486 1218 2574 inspexit
1228 2483 1282 2572 ²)'l
1304 2485 1342 2549 lu
1363 2481 1548 2548 recentiori-

423 2586 483 2650 bus
512 2597 617 2653 autem
643 2587 708 2654 hoc
729 2590 803 2654 tulit
831 2587 872 2654 de
887 2591 1023 2656 Charete
1047 2589 1204 2677 judicium
1228 2591 1492 2667 Sanctoerucius,
1516 2600 1547 2651 ut

424 2714 531 2758 rerum
546 2693 732 2760 festinarum
750 2707 783 2761 et
798 2717 891 2782 saepe
908 2697 1049 2761 sutilium
1072 2697 1305 2778 narratoribus,
1330 2717 1426 2783 quam
1454 2695 1547 2758 histo·

423 2799 496 2864 ricis
511 2819 585 2865 vere
600 2802 643 2866 ita
667 2800 778 2883 dictis,
803 2825 878 2867 eum
890 2801 1072 2868 adscribere
1080 2804 1208 2882 mallet,
1227 2803 1399 2889 respiciens
1416 2801 1549 2865 maxime

423 2915 561 2971 sorerem
583 2907 676 2972 illurn
697 2907 806 2991 μῦθον
833 2909 1022 2974 orientalem
1041 2909 1081 2974 de
1105 2932 1212 2976 amore
1232 2908 1384 2975 Zariadris
1410 2917 1441 2970 et
1459 2905 1550 2971 Oda-

328 3035 333 3042 *
424 3009 516 3107 tidie,
550 3033 646 3098 quem
677 3035 714 3079 ex
745 3012 879 3079 Charete
905 3015 1087 3080 Athenaeus
1118 3018 1245 3102 repetiit
1256 3016 1292 3103 ³).
1323 3015 1359 3080 ln
1383 3034 1448 3100 qua
1466 3011 1548 3076 San-

423 3116 578 3181 ctocrucii
609 3119 784 3197 sententia,
817 3123 876 3183 etsi
902 3119 967 3183 veri
999 3120 1174 3205 plurimum
1199 3121 1265 3207 ejus
1291 3121 1416 3207 judicio
1443 3120 1548 3194 inest,

388 3427 392 3436 ,
457 3374 483 3442 1)
501 3379 598 3442 Pragm.
615 3381 694 3430 xvu.
712 3381 751 3430 Ad
764 3382 874 3431 eundern
888 3382 984 3433 librum
1001 3385 1114 3450 pertinet
1126 3385 1222 3448 lrapm.
1238 3385 1330 3436 xvut.

455 3462 482 3529 2)
498 3465 752 3516 IlluminAuctoruer
759 3468 908 3533 lodicibus,
920 3470 1032 3533 utrulgo
1041 3475 1175 3535 vocantur,
1191 3471 1322 3520 Charetem
1332 3468 1372 3518 bis
1384 3481 1550 3526 memorasse,
1622 3531 1623 3538 ἵ

422 3550 497 3600 modo
516 3551 632 3602 dicebam
640 3571 655 3624 ς’
665 3552 709 3602 bic
725 3570 786 3604 vero
805 3555 874 3604 unda
892 3541 1006 3605 Charetis
1025 3555 1144 3606 ltiatorias
1159 3557 1308 3619 cognovisse
1324 3555 1450 3618 rideatur,
1465 3556 1547 3602 osteo·
1622 3545 1623 3584 l

422 3639 523 3688 damin
542 3639 705 3689 annotatione
725 3640 756 3690 ad
772 3640 869 3705 Fragm.
887 3641 910 3692 l.
928 3642 1062 3691 Arrianum
1080 3659 1182 3708 quoque
1201 3659 1231 3692 ex
1248 3643 1361 3692 Charetia
1378 3657 1455 3706 opere
1473 3640 1547 3688 inter-

422 3724 482 3773 dum
499 3725 653 3790 profecisse,
672 3726 759 3791 colligi
777 3728 857 3793 possit
872 3744 903 3779 ax
921 3727 963 3778 tv.
982 3726 1024 3779 12.
1043 3727 1119 3779 3-5.
1139 3728 1201 3779 Vide
1220 3729 1285 3778 intra
1302 3728 1333 3778 ad
1350 3729 1449 3791 Fragm.
1467 3724 1499 3775 X.

389 3812 404 3831 ⁶
456 3807 482 3871 3)
500 3812 598 3873 Pragm.
619 3812 650 3862 V.
668 3813 750 3878 ipsam
774 3813 914 3864 adscribam
932 3815 1102 3866 Sauctocrusii
1123 3803 1291 3879 sententiam,
1312 3829 1387 3879 quam
1403 3811 1547 3879 pronuntiat

422 3913 448 3962 p.
464 3894 500 3944 40
517 3911 524 3944 r
543 3896 570 3945 It
578 3899 668 3962 percit
680 3914 729 3963 que
748 3898 845 3950 Charis
858 3902 931 3950 coeit
944 3915 976 3949 eu
992 3903 1074 3950 moins
1085 3916 1153 3966 pour
1168 3902 1237 3972 otjst
1247 3898 1414 3950 d'tcrirsursa
1425 3895 1548 3948 etritolte

423 3983 546 4047 histoire,
565 3987 644 4048 qc’ura
656 3984 746 4050 simple
760 3987 861 4035 rossoil
871 3987 1030 4036 d'anecdctes
1038 4005 1049 4046 ,-
1072 3987 1097 4035 il
1108 3989 1163 4036 s'cn
1179 3987 1244 4036 dtor‘t
1253 3983 1330 4036 mima
1341 3988 1439 4050 perosis
1454 3985 1487 4034 dc
1500 3987 1550 4051 sort

423 4066 571 4135 &mugisse
587 4067 604 4118 d
620 4085 666 4119 sorr
684 4071 771 4140 srp'st5
785 4087 836 4136 por
854 4074 981 4138 scampis,
999 4073 1077 4122 celles
1090 4074 1184 4123 sortes
1202 4088 1304 4122 cmours
1316 4072 1347 4120 de
1363 4071 1511 4122 Zariadres
1528 4075 1551 4117 ot

422 4155 551 4204 d'Odotis.
569 4154 698 4205 Luscino
717 4164 759 4207 est
776 4156 871 4207 ccdsld
888 4139 934 4208 des
952 4159 1202 4224 Pylas-Caepionem
1221 4159 1323 4219 stfim't
1338 4173 1388 4222 pur
1403 4174 1439 4206 un
1453 4155 1550 4204 entiae·

422 4247 496 4290 ment.
514 4241 551 4290 Le
575 4241 621 4290 dut
643 4242 674 4292 da
692 4248 758 4291 cetto
782 4244 901 4293 anecdota
925 4245 1019 4310 Scytha
1035 4251 1076 4294 ost
1092 4244 1123 4293 de
1138 4251 1257 4309 montrcr,
1278 4246 1353 4308 pu’on
1367 4251 1430 4308 peut
1444 4242 1551 4292 devenir

421 4342 574 4392 amorreus,
589 4345 620 4378 sn
634 4345 726 4397 conge,
742 4331 775 4378 ds
789 4345 929 4394 personnae
945 4333 1021 4395 pu’orr
1036 4333 1080 4380 rr'o
1089 4333 1191 4399 jomcis
1206 4348 1276 4382 eccs.
1294 4332 1337 4380 Ea
1349 4334 1500 4395 rapportcrrt
1508 4345 1550 4393 pc·

422 4414 497 4462 rsitle
510 4421 646 4482 cantura,
669 4414 766 4466 Ohcrds
779 4423 839 4481 sut,
858 4433 919 4466 sons
932 4417 1021 4482 docto,
1035 4419 1163 4467 intention
1182 4418 1214 4468 ds
1228 4419 1314 4484 plciro
1328 4431 1382 4466 cue
1397 4419 1495 4482 Crass,
1512 4431 1550 4465 res

423 4503 612 4566 compatriotas,
627 4505 677 4568 qui
689 4504 794 4569 prircnt
809 4509 865 4569 trop
878 4510 987 4552 reuocat
999 4503 1045 4553 des
1057 4519 1151 4571 sougss
1164 4520 1231 4570 pour
1247 4505 1274 4553 tc
1292 4501 1404 4554 obriti.»
1434 4504 1550 4552 lleereno

423 4583 458 4632 ita
476 4601 533 4633 cum
551 4588 730 4639 Sanctocrucio
744 4591 881 4654 convenit,
898 4593 929 4638 ut
943 4589 1038 4640 scribat
1054 4590 1073 4640 1.
1091 4588 1205 4656 1.p.6⁷:
1219 4607 1232 4639 r
1252 4591 1377 4655 Quantum
1389 4589 1475 4652 exiis,
1485 4603 1550 4654 quse

422 4671 570 4723 Plutarchus
586 4691 601 4724 e
619 4675 725 4726 Charete
734 4677 849 4726 enotavit
859 4714 866 4740 ,
876 4676 1032 4726 concludere
1040 4677 1117 4741 lieet,
1134 4693 1192 4726 eum
1207 4677 1293 4743 potius
1304 4673 1552 4725 narratiunculasde

422 4771 483 4821 rege
495 4759 643 4827 collegisse,
663 4779 738 4827 quam
760 4764 892 4813 llistoriam
908 4762 963 4814 eius
982 4764 1176 4829 conscripsisse,
1193 4761 1323 4830 probabile
1340 4765 1408 4812 ests
