3617 5892
803 706 841 767 l'l

259 879 467 967 peritissimus
483 874 563 941 belli
583 874 650 943 dux
668 896 708 941 ee
727 877 853 944 acriore
870 875 980 943 studle
996 876 1031 941 ln
1047 874 1083 943 id
1100 876 1270 959 incubuit,
1295 878 1387 968 qaod

258 987 397 1051 maxime
412 982 474 1048 sibi
496 993 722 1068 proposuerat,
745 994 782 1049 ut
806 983 939 1049 comilis
957 980 1130 1049 Alexandri
1148 982 1285 1066 bellica,
1308 1006 1385 1072 prus·

259 1091 399 1166 dentiam
421 1089 594 1155 militarem
611 1101 644 1154 et
667 1090 797 1176 egregia
814 1090 848 1153 in
869 1088 947 1154 orbe
970 1098 1128 1154 terrarum
1144 1089 1321 1177 subigendo
1338 1092 1388 1158 ia-

259 1199 368 1262 einora
385 1195 588 1283 diligentius,
605 1216 703 1283 quam
717 1196 759 1260 ab
769 1195 839 1259 aliis
855 1196 977 1260 lactum
994 1187 1132 1275 videret,
1145 1194 1340 1263 describeret
1352 1195 1387 1284 ¹).

258 1304 351 1385 Quae
366 1324 489 1367 summa
508 1314 546 1366 ut
569 1302 664 1367 facile
687 1301 816 1388 cogitur
838 1322 856 1365 e
876 1311 990 1367 natura
1006 1301 1277 1387 fragmentorum,
1302 1320 1386 1391 quaa

258 1420 328 1474 tum
343 1409 413 1473 aliis
428 1408 654 1494 scriptoribus,
676 1420 747 1473 tum
769 1428 845 1472 vero
860 1407 996 1474 Arriano
1015 1404 1042 1495 ²)
1068 1406 1267 1493 potissimum
1286 1408 1384 1476 debe*

259 1606 461 1616 ——a--n

293 1727 321 1794 1)
338 1732 501 1794 Nequaquam
519 1727 596 1791 igitur
618 1730 743 1780 aswutior
771 1730 902 1793 liseresm,
925 1726 957 1779 ds
972 1728 1054 1790 foott.
1078 1728 1150 1778 Prot.
1171 1743 1197 1793 p.
1213 1724 1264 1792 el,
1279 1704 1334 1779 eam
1351 1732 1390 1781 le-

257 1817 328 1866 renti
346 1816 378 1867 de
401 1813 538 1865 Ptolemaei
559 1815 747 1865 commentariis
769 1815 937 1879 mumadam,
959 1814 1031 1878 quasi
1052 1814 1119 1865 nihil
1133 1814 1236 1867 omnine
1253 1814 1303 1868 nisi
1321 1815 1391 1867 balla

257 1904 397 1967 spirassent
420 1905 447 1951 et
472 1901 577 1966 proelis.
605 1901 785 1952 «Continuisse
801 1917 857 1953 sese
876 1900 1064 1965 Ptolemaeum,
1088 1901 1188 1965 inquit,
1208 1885 1243 1951 ¹ira
1264 1898 1391 1954 benamu

257 1989 379 2052 historia,
398 2004 429 2038 ex
450 1987 559 2037 Arriano
580 1988 703 2052 suspicari
719 1988 798 2047 licets
817 2004 869 2052 quo
888 1987 958 2053 ipso,
978 2002 1057 2052 quare
1076 1987 1228 2037 Plutarchus
1252 2003 1341 2053 parum
1358 2003 1389 2042 aa

258 2090 321 2125 usus
336 2075 429 2138 luerit,
443 2073 619 2125 deelaratum

291 2157 319 2223 2)
337 2162 469 2224 Quatenus
489 2166 517 2210 et
535 2162 563 2209 in
583 2159 675 2224 quibua
692 2158 799 2209 mxime
820 2157 898 2209 rebus
911 2157 1034 2209 Arrianus
1046 2174 1106 2225 prae
1122 2158 1270 2210 Aristobulo
1284 2158 1391 2226 aliisque

256 2246 429 2297 Ptolemaeum
448 2251 551 2296 secutus
570 2247 618 2309 sit,
636 2245 708 2295 dictu
723 2246 788 2295 adeo
807 2250 847 2294 est
861 2244 979 2310 difficile,
998 2252 1029 2295 ut
1041 2246 1083 2295 rel
1096 2246 1124 2295 in
1145 2246 1295 2309 conjectura
1309 2247 1336 2295 id
1350 2246 1392 2297 ria

256 2334 368 2397 positum
384 2348 510 2381 censeam.
537 2332 600 2382 Palli
623 2336 708 2381 tamen
724 2332 770 2380 ille
788 2347 943 2396 magnopere
959 2332 1070 2396 videtur,
1089 2333 1134 2396 qui
1160 2332 1294 2383 Arrianum
1318 2337 1393 2398 putet

256 2420 380 2465 umoerse
393 2418 564 2465 Ptolemaeum
581 2418 663 2481 pluris
678 2418 769 2466 fecisse
787 2432 863 2480 quam
879 2418 1063 2469 Aristobulum.
1081 2419 1169 2468 Parem
1185 2419 1288 2484 utrique
1301 2418 1394 2469 tribuit

255 2501 394 2550 honorem.
420 2501 491 2563 Quod
513 2501 581 2549 enim
598 2493 641 2549 vl'.
663 2500 690 2549 2.
715 2499 732 2549 4
756 2502 864 2567 (Fragm.
887 2504 953 2556 XXI.
972 2502 1392 2570 cr.v.14.5,lrrgm.xvt1.)

254 2586 364 2635 narium
395 2601 530 2636 numerum
558 2577 726 2650 recensurus,
758 2585 853 2649 quibus
879 2587 1021 2638 Alexander
1047 2590 1075 2637 in
1105 2591 1219 2669 llpdaspe
1245 2591 1391 2656 navigavit,

256 2672 449 2749 Πτολεμαΐος
471 2664 491 2732 ot
503 2664 633 2752 Λάγου,
655 2683 706 2746 ait,
729 2660 756 2756 ᾦ
781 2664 951 2751 μάλιστα
977 2666 1052 2753 ἐγώ
1077 2668 1238 2752 ἕπομαι,
1262 2688 1289 2736 td
1316 2702 1392 2735 asmo

257 2774 308 2823 erit
317 2773 362 2836 qui
369 2765 542 2839 ita'aocipiat‚
554 2776 626 2838 quasi
638 2775 677 2823 his
686 2775 902 2825 serbisArrianus
916 2776 1092 2839 affirmaverit,
1103 2792 1129 2825 se
1138 2778 1325 2825 sesmarum
1333 2792 1393 2842 prae

258 2860 376 2909 omnibus
394 2861 451 2908 aliis
468 2862 640 2910 Ptolemaeum
661 2862 782 2926 amplecti
801 2878 830 2910 ac
848 2862 930 2925 sequi.
947 2864 1000 2912 lloo
1019 2878 1081 2913 vero
1097 2879 1176 2912 unum
1192 2863 1334 2927 significat,
1349 2878 1393 2911 su-

257 2951 375 3010 spectum
400 2947 447 2995 sibi
466 2963 520 2997 esse
538 2945 683 3012 catalogum
700 2950 818 3011 narium,
838 2964 854 2997 a
870 2949 985 2999 llearcho
1001 2951 1162 3015 conlectum,
1180 2954 1209 2999 et
1222 2950 1301 3012 magis
1317 2950 1393 2999 etiarn

259 3033 328 3094 quod
352 3034 559 3084 mendacissimus
586 3035 688 3100 scripsit
716 3036 887 3094 onesicritum
914 3035 992 3084 solam
1014 3036 1152 3087 Ptolemaei
1174 3036 1348 3087 recensionem
1366 3052 1393 3086 se

258 3118 411 3167 verissimam
426 3121 574 3169 existimare.
594 3120 679 3185 Quid?
691 3122 761 3185 quod
776 3122 807 3171 de
815 3120 962 3171 Aristobulo
979 3123 1074 3187 pariter
1092 3122 1287 3187 aePtoiemaeo‚
1298 3123 1393 3188 quippe

260 3214 353 3263 ceteris
368 3214 504 3265 Alexandri
517 3216 684 3281 scriptoribus
695 3217 778 3266 multo
787 3218 882 3281 majore
889 3217 941 3267 fide
953 3216 1052 3284 dignis,
1071 3198 1189 3282 οἷστισι,
1211 3220 1263 3283 ait,
1281 3208 1394 3287 μᾶλλον

260 3300 319 3386 ἐγώ
341 3300 533 3389 ξυμφέρομαι
555 3318 621 3386 (vn.
637 3315 679 3366 15.
694 3314 740 3381 a),
756 3321 783 3365 er
797 3317 859 3366 arras
878 3317 918 3383 (v.
937 3314 962 3367 ⁷.
981 3317 1017 3384 1.)
1035 3319 1138 3384 raum,
1157 3320 1250 3382 quibus
1267 3336 1343 3385 supra
1361 3322 1393 3370 ra

259 3421 404 3472 Ptolemaeo
420 3438 494 3471 usum
512 3421 579 3483 dixi,
600 3417 701 3483 verbis,
719 3397 763 3481 οἷς
783 3401 915 3486 μάλιστα
937 3400 1000 3487 dyas*
1021 3404 1142 3488 ἕπομαι,
1164 3420 1258 3469 diserte
1274 3424 1394 3471 neutrum

260 3510 334 3559 alteri
350 3511 503 3577 praeponit?
519 3510 619 3574 Siquid
639 3525 704 3559 vero.
717 3511 744 3559 in
761 3526 788 3560 re
805 3510 884 3560 dubia
894 3511 1030 3561 admodum
1048 3517 1076 3561 et
1094 3511 1201 3561 obscura
1212 3511 1393 3573 statuendum,

259 3597 308 3645 hoo
321 3598 426 3661 quidem
439 3598 507 3647 haud
525 3599 561 3646 ita
576 3613 666 3660 magua
682 3600 826 3647 temeritate
840 3601 951 3648 statuere
961 3598 1023 3647 mihi
1033 3598 1128 3661 videor,
1140 3597 1246 3647 Arriano
1255 3594 1394 3649 Ptolemaei

261 3694 456 3741 commentarios
481 3693 558 3743 luisse
581 3697 700 3764 aequam
726 3694 921 3754 fundamentum
948 3693 1143 3759 solidissimum,
1172 3694 1214 3742 oui
1231 3673 1394 3765 Ἀναβᾶσιν

261 3789 552 3850 suam·superstrueret;
571 3786 639 3849 quod
653 3801 746 3834 norum
761 3786 907 3835 aedilicium
930 3801 982 3849 quo
1004 3791 1155 3850 exsurgeret
1172 3786 1285 3839 ornatius
1299 3790 1327 3835 et
1343 3800 1395 3837 aaa·

261 3870 439 3933 pacificandos,
457 3870 586 3919 materiem
596 3907 603 3932 ,
615 3886 691 3934 quam
707 3872 731 3921 ei
747 3872 856 3936 amplam
870 3869 1010 3936 praebebat
1017 3872 1194 3936 Aristobulus,
1204 3872 1394 3935 diligentissime

261 3955 386 4007 adhibuit.
419 3957 568 4019 Terrarum,
597 3955 750 4021 fluviorum,
782 3957 897 4019 genuum
920 3956 1077 4021 aliarumque
1102 3974 1188 4007 rerum
1210 3958 1395 4023 dasuriptiones

262 4056 340 4103 quum
367 4042 524 4106 potissimum
542 4041 584 4089 rel
604 4041 716 4105 integras
733 4042 766 4092 ab
777 4041 925 4093 Aristobulo
945 4045 1091 4109 acciperet,
1109 4044 1152 4093 rel
1167 4044 1199 4093 ad
1212 4044 1295 4109 ¹liujus
1308 4056 1394 4091 narra·

261 4126 357 4175 tionem
386 4127 496 4191 proxime
530 4131 709 4192 componeret,
739 4127 910 4177 Ptolemaeum
944 4133 998 4177 tum
1026 4129 1053 4178 in
1083 4130 1169 4195 primis
1196 4133 1308 4179 sectatus
1338 4131 1392 4190 est,

263 4226 341 4273 quum
371 4213 403 4261 de
436 4212 540 4276 proeliis
570 4213 708 4261 commissis
740 4213 898 4277 urbibusque
925 4216 1075 4280 expugnatis
1099 4216 1237 4279 dicendum
1260 4217 1341 4277 esset,
1365 4217 1393 4263 et

263 4299 367 4347 maxime
390 4298 509 4363 quidem,
537 4299 559 4347 si
587 4298 679 4363 quibus
705 4302 798 4364 pugnis
830 4300 882 4350 sire
911 4301 1049 4353 Alexandri
1082 4316 1167 4351 comes
1196 4314 1240 4348 seu
1273 4297 1392 4363 princeps

263 4382 314 4446 ipse
337 4384 389 4432 dux
410 4384 571 4434 Ptolemaeus
595 4384 758 4438 interfuisset.
784 4385 854 4435 Unde
879 4386 945 4435 libro
971 4389 1018 4437 Vll
1041 4404 1092 4437 non
1117 4387 1166 4435 nisi
1189 4399 1256 4432 unus
1280 4384 1312 4435 de
1334 4386 1391 4435 (les-

264 4469 324 4517 saeis
358 4470 458 4518 domitis
485 4471 555 4519 locus
580 4469 633 4537 (15.
661 4468 675 4518 1
701 4469 769 4535 sqq.)
796 4472 831 4521 ita
859 4477 1019 4539 comparatus
1043 4478 1095 4537 est,
1117 4476 1147 4519 ut
1173 4469 1249 4519 tacite
1272 4485 1286 4517 a
1308 4471 1393 4523 Ptole·

265 4568 333 4604 maeo
351 4555 515 4621 depromptus
531 4572 585 4606 esse
601 4558 662 4621 jure
678 4559 755 4607 statui
769 4559 861 4624 possit,
885 4563 913 4608 et
931 4576 977 4624 pro
993 4558 1076 4608 decens
1093 4555 1231 4621 Aristobuli
1246 4557 1392 4623 fragmentis

265 4642 304 4689 rix
319 4658 399 4690 ussum
412 4644 550 4693 Ptolemaei
572 4646 714 4710 proferatur
729 4644 782 4713 (26.
801 4645 836 4709 2,
857 4644 903 4711 3.).
936 4646 1034 4712 Quippe
1048 4647 1158 4695 extrem
1173 4643 1309 4696 Alexandri
1327 4643 1391 4709 riu,

265 4742 329 4789 quse
344 4729 391 4781 ille
404 4728 470 4780 libro
486 4735 627 4797 aduratur,
644 4748 697 4780 non
717 4732 860 4797 continuis,
876 4738 906 4783 ut
921 4736 1010 4797 antea,
1027 4730 1157 4801 terebatur
1177 4731 1265 4797 bellis,
1288 4731 1331 4783 aed
1346 4730 1391 4779 do·
1472 4778 1474 4791 1

1219 4816 1236 4864 2
