<?xml version="1.0" encoding="UTF-8"?>
<!DOCTYPE html PUBLIC "-//W3C//DTD XHTML 1.0 Transitional//EN"
    "http://www.w3.org/TR/xhtml1/DTD/xhtml1-transitional.dtd">
<html xmlns="http://www.w3.org/1999/xhtml" xml:lang="en" lang="en">
 <head>
  <title>
</title>
<meta http-equiv="Content-Type" content="text/html;charset=utf-8" />
  <meta name='ocr-system' content='tesseract 3.04.00' />
  <meta name='ocr-capabilities' content='ocr_page ocr_carea ocr_par ocr_line ocrx_word'/>
</head>
<body>
  <div class='ocr_page' id='page_1' title='image "./ptolemaeieordae00chargoog/ptolemaeieordae00chargoog_0192.png"; bbox 0 0 3617 5892; ppageno 0'>
   <div class='ocr_carea' id='block_1_1' title="bbox 952 767 1013 830">
    <p class='ocr_par' dir='ltr' id='par_1_1' title="bbox 952 767 1013 830">
     <span class='ocr_line' id='line_1_1' title="bbox 952 767 1013 830; baseline 0 -1"><span class='ocrx_word' id='word_1_1' title='bbox 952 767 1013 830; x_wconf 78' lang='lat'><strong><em>168</em></strong></span> 
     </span>
    </p>
   </div>
   <div class='ocr_carea' id='block_1_2' title="bbox 421 935 1536 1133">
    <p class='ocr_par' dir='ltr' id='par_1_2' title="bbox 421 935 1536 1133">
     <span class='ocr_line' id='line_1_2' title="bbox 421 935 1536 1025; baseline -0.008 -16"><span class='ocrx_word' id='word_1_2' title='bbox 421 945 478 1009; x_wconf 75' lang='lat' dir='ltr'><strong><em>ino</em></strong></span> <span class='ocrx_word' id='word_1_3' title='bbox 500 939 642 1007; x_wconf 65' lang='lat' dir='ltr'>aufidum</span> <span class='ocrx_word' id='word_1_4' title='bbox 660 939 814 1006; x_wconf 72' lang='lat' dir='ltr'><strong>fueritne</strong></span> <span class='ocrx_word' id='word_1_5' title='bbox 834 940 988 1025; x_wconf 74' lang='lat' dir='ltr'>parasitus</span> <span class='ocrx_word' id='word_1_6' title='bbox 1008 938 1149 1018; x_wconf 75' lang='lat' dir='ltr'>Seleuci,</span> <span class='ocrx_word' id='word_1_7' title='bbox 1172 938 1261 1024; x_wconf 88' lang='lat' dir='ltr'><strong>cujus</strong></span> <span class='ocrx_word' id='word_1_8' title='bbox 1281 937 1424 1002; x_wconf 79' lang='lat' dir='ltr'><strong>meminit</strong></span> <span class='ocrx_word' id='word_1_9' title='bbox 1443 935 1536 1002; x_wconf 75' lang='lat' dir='ltr'><strong>Athe·</strong></span> 
     </span>
     <span class='ocr_line' id='line_1_3' title="bbox 423 1043 1418 1133; baseline -0.006 -20"><span class='ocrx_word' id='word_1_10' title='bbox 423 1069 520 1114; x_wconf 83' lang='grc' dir='ltr'><strong><em>ιιιειιε</em></strong></span> <span class='ocrx_word' id='word_1_11' title='bbox 538 1048 583 1116; x_wconf 83' lang='lat' dir='ltr'><strong><em>vl</em></strong></span> <span class='ocrx_word' id='word_1_12' title='bbox 605 1070 634 1133; x_wconf 92' lang='lat' dir='ltr'><strong><em>p.</em></strong></span> <span class='ocrx_word' id='word_1_13' title='bbox 650 1047 716 1111; x_wconf 82' lang='grc'><strong><em>244</em></strong></span> <span class='ocrx_word' id='word_1_14' title='bbox 736 1047 779 1126; x_wconf 74' lang='grc' dir='ltr'><strong><em>Τ,</em></strong></span> <span class='ocrx_word' id='word_1_15' title='bbox 798 1045 873 1114; x_wconf 83' lang='lat' dir='ltr'><strong>coll.</strong></span> <span class='ocrx_word' id='word_1_16' title='bbox 890 1043 1046 1110; x_wconf 78' lang='lat' dir='ltr'><strong>Moinekio</strong></span> <span class='ocrx_word' id='word_1_17' title='bbox 1064 1067 1097 1133; x_wconf 89' lang='lat' dir='ltr'><strong><em>p.</em></strong></span> <span class='ocrx_word' id='word_1_18' title='bbox 1119 1047 1205 1124; x_wconf 89' lang='grc'><strong><em>466,</em></strong></span> <span class='ocrx_word' id='word_1_19' title='bbox 1223 1066 1287 1110; x_wconf 85' lang='lat' dir='ltr'><strong><em>non</em></strong></span> <span class='ocrx_word' id='word_1_20' title='bbox 1304 1044 1418 1130; x_wconf 80' lang='lat' dir='ltr'><strong>liquet.</strong></span> 
     </span>
    </p>
   </div>
   <div class='ocr_carea' id='block_1_3' title="bbox 921 1269 1040 1339">
    <p class='ocr_par' dir='ltr' id='par_1_3' title="bbox 921 1269 1040 1339">
     <span class='ocr_line' id='line_1_4' title="bbox 921 1269 1040 1339; baseline 0.025 -3"><span class='ocrx_word' id='word_1_21' title='bbox 921 1269 1040 1339; x_wconf 80' lang='lat' dir='ltr'>XVIII.</span> 
     </span>
    </p>
   </div>
   <div class='ocr_carea' id='block_1_4' title="bbox 810 1444 1164 1520">
    <p class='ocr_par' dir='ltr' id='par_1_4' title="bbox 810 1444 1164 1520">
     <span class='ocr_line' id='line_1_5' title="bbox 810 1444 1164 1520; baseline 0.006 -27"><span class='ocrx_word' id='word_1_22' title='bbox 810 1444 855 1494; x_wconf 72' lang='lat' dir='ltr'><strong><em>EX</em></strong></span> <span class='ocrx_word' id='word_1_23' title='bbox 876 1445 1004 1496; x_wconf 72' lang='lat' dir='ltr'><strong>nomm</strong></span> <span class='ocrx_word' id='word_1_24' title='bbox 1017 1446 1164 1520; x_wconf 68' lang='grc' dir='ltr'><strong><em>Ῑιίλῖλῖθ.Ι</em></strong></span> 
     </span>
    </p>
   </div>
   <div class='ocr_carea' id='block_1_5' title="bbox 388 1561 1539 3513">
    <p class='ocr_par' dir='ltr' id='par_1_5' title="bbox 388 1561 1539 3512">
     <span class='ocr_line' id='line_1_6' title="bbox 462 1561 1538 1690; baseline -0.011 -45"><span class='ocrx_word' id='word_1_25' title='bbox 462 1561 581 1646; x_wconf 69' lang='grc' dir='ltr'><strong><em>Διίιειιι</em></strong></span> <span class='ocrx_word' id='word_1_26' title='bbox 607 1579 745 1674; x_wconf 70' lang='lat' dir='ltr'><strong><em>xmp.</em></strong></span> <span class='ocrx_word' id='word_1_27' title='bbox 774 1576 967 1643; x_wconf 64' lang='lat' dir='ltr'><strong><em>fivsA—F.</em></strong></span> <span class='ocrx_word' id='word_1_28' title='bbox 1006 1564 1521 1690; x_wconf 83' lang='grc' dir='ltr'><strong><em>ΧάρηςὸΜυτιληναῖσς’</em></strong></span> <span class='ocrx_word' id='word_1_29' title='bbox 1503 1593 1538 1636; x_wconf 87' lang='grc' dir='ltr'><strong><em>εν</em></strong></span> 
     </span>
     <span class='ocr_line' id='line_1_7' title="bbox 419 1663 1533 1798; baseline -0.011 -50"><span class='ocrx_word' id='word_1_30' title='bbox 419 1706 471 1768; x_wconf 85' lang='grc' dir='ltr'><strong><em>τῳ</em></strong></span> <span class='ocrx_word' id='word_1_31' title='bbox 458 1671 639 1763; x_wconf 78' lang='grc' dir='ltr'><strong><em>’δεκάτῳ</em></strong></span> <span class='ocrx_word' id='word_1_32' title='bbox 659 1703 731 1745; x_wconf 90' lang='grc' dir='ltr'><strong><em>των</em></strong></span> <span class='ocrx_word' id='word_1_33' title='bbox 743 1667 933 1768; x_wconf 84' lang='grc' dir='ltr'><strong><em>Ὶστοριων</em></strong></span> <span class='ocrx_word' id='word_1_34' title='bbox 954 1679 1027 1798; x_wconf 82' lang='grc' dir='ltr'><strong><em>τρῖν</em></strong></span> <span class='ocrx_word' id='word_1_35' title='bbox 1042 1677 1136 1766; x_wconf 81' lang='grc' dir='ltr'><strong><em>περὶ</em></strong></span> <span class='ocrx_word' id='word_1_36' title='bbox 1152 1663 1411 1761; x_wconf 78' lang='grc' dir='ltr'><strong><em>Ἀλέξανδρόν</em></strong></span> <span class='ocrx_word' id='word_1_37' title='bbox 1429 1691 1533 1762; x_wconf 85' lang='grc' dir='ltr'><strong><em>φησιν,</em></strong></span> 
     </span>
     <span class='ocr_line' id='line_1_8' title="bbox 420 1771 1536 1908; baseline -0.013 -56"><span class='ocrx_word' id='word_1_38' title='bbox 420 1777 561 1908; x_wconf 73' lang='grc' dir='ltr'><strong><em>ὀνείρατι</em></strong></span> <span class='ocrx_word' id='word_1_39' title='bbox 580 1780 804 1866; x_wconf 71' lang='grc' dir='ltr'><strong><em>θεασαμένους</em></strong></span> <span class='ocrx_word' id='word_1_40' title='bbox 820 1775 923 1863; x_wconf 82' lang='grc' dir='ltr'><strong><em>τινάς,</em></strong></span> <span class='ocrx_word' id='word_1_41' title='bbox 946 1774 1003 1858; x_wconf 81' lang='grc' dir='ltr'><strong><em>οὓς</em></strong></span> <span class='ocrx_word' id='word_1_42' title='bbox 1017 1775 1062 1869; x_wconf 78' lang='grc' dir='ltr'><em>μή</em></span> <span class='ocrx_word' id='word_1_43' title='bbox 1079 1771 1238 1898; x_wconf 79' lang='grc' dir='ltr'><strong><em>πρότερρν</em></strong></span> <span class='ocrx_word' id='word_1_44' title='bbox 1251 1771 1344 1858; x_wconf 82' lang='grc' dir='ltr'><strong><em>ελδον,</em></strong></span> <span class='ocrx_word' id='word_1_45' title='bbox 1362 1773 1536 1864; x_wconf 80' lang='grc' dir='ltr'><strong><em>ἐρασθῆναι</em></strong></span> 
     </span>
     <span class='ocr_line' id='line_1_9' title="bbox 420 1867 1536 1974; baseline -0.01 -21"><span class='ocrx_word' id='word_1_46' title='bbox 420 1883 532 1953; x_wconf 73' lang='grc' dir='ltr'><strong><em>αὐτοῖν.</em></strong></span> <span class='ocrx_word' id='word_1_47' title='bbox 563 1891 594 1954; x_wconf 89' lang='grc' dir='ltr'><strong><em>Γ</em></strong></span> <span class='ocrx_word' id='word_1_48' title='bbox 589 1874 755 1974; x_wconf 83' lang='grc' dir='ltr'><strong><em>ραφειδ</em></strong></span> <span class='ocrx_word' id='word_1_49' title='bbox 782 1877 928 1960; x_wconf 57' lang='grc' dir='ltr'><strong><em>οὕτως·</em></strong></span> <span class='ocrx_word' id='word_1_50' title='bbox 922 1875 1123 1971; x_wconf 80' lang='grc' dir='ltr'><strong><em>«Ὺστάσπη</em></strong></span> <span class='ocrx_word' id='word_1_51' title='bbox 1152 1873 1308 1970; x_wconf 81' lang='grc' dir='ltr'><strong><em>νεώτερος</em></strong></span> <span class='ocrx_word' id='word_1_52' title='bbox 1334 1867 1372 1968; x_wconf 79' lang='grc' dir='ltr'><strong><em>ἦν</em></strong></span> <span class='ocrx_word' id='word_1_53' title='bbox 1396 1869 1536 1965; x_wconf 80' lang='grc' dir='ltr'><strong><em>άδείηνδς</em></strong></span> 
     </span>
     <span class='ocr_line' id='line_1_10' title="bbox 420 1975 1536 2102; baseline -0.013 -46"><span class='ocrx_word' id='word_1_54' title='bbox 420 1979 615 2077; x_wconf 68' lang='grc' dir='ltr'><strong><em>Ζαριάδρης,</em></strong></span> <span class='ocrx_word' id='word_1_55' title='bbox 625 2009 705 2074; x_wconf 87' lang='grc' dir='ltr'><strong><em>περι</em></strong></span> <span class='ocrx_word' id='word_1_56' title='bbox 714 2011 758 2052; x_wconf 92' lang='grc' dir='ltr'><strong><em>ων</em></strong></span> <span class='ocrx_word' id='word_1_57' title='bbox 767 1985 956 2073; x_wconf 88' lang='grc' dir='ltr'><strong><em>λεγουσιν</em></strong></span> <span class='ocrx_word' id='word_1_58' title='bbox 925 2011 956 2056; x_wconf 88' lang='grc' dir='ltr'><strong><em>οι</em></strong></span> <span class='ocrx_word' id='word_1_59' title='bbox 968 1976 1145 2102; x_wconf 78' lang='grc' dir='ltr'><strong><em>ἐπιχάριρι,</em></strong></span> <span class='ocrx_word' id='word_1_60' title='bbox 1161 1977 1212 2051; x_wconf 83' lang='grc' dir='ltr'><strong><em>ὁτι</em></strong></span> <span class='ocrx_word' id='word_1_61' title='bbox 1226 1983 1260 2063; x_wconf 81' lang='grc' dir='ltr'><strong><em>ἐξ</em></strong></span> <span class='ocrx_word' id='word_1_62' title='bbox 1270 1975 1471 2072; x_wconf 85' lang='grc' dir='ltr'><strong><em>Ἀφροδίτης</em></strong></span> <span class='ocrx_word' id='word_1_63' title='bbox 1482 1976 1536 2043; x_wconf 83' lang='grc' dir='ltr'><strong><em>καί</em></strong></span> 
     </span>
     <span class='ocr_line' id='line_1_11' title="bbox 419 2076 1535 2209; baseline -0.012 -50.906"><span class='ocrx_word' id='word_1_64' title='bbox 419 2081 598 2205; x_wconf 75' lang='grc' dir='ltr'><strong><em>Ἀδιάνιδρς</em></strong></span> <span class='ocrx_word' id='word_1_65' title='bbox 613 2080 831 2209; x_wconf 65' lang='grc' dir='ltr'><strong><em>ἐγεννήθησαν.</em></strong></span> <span class='ocrx_word' id='word_1_66' title='bbox 847 2082 1032 2180; x_wconf 84' lang='grc' dir='ltr'><strong><em>Ἐκυρίευσε</em></strong></span> <span class='ocrx_word' id='word_1_67' title='bbox 1052 2079 1125 2156; x_wconf 83' lang='grc' dir='ltr'><strong><em>δέ</em></strong></span> <span class='ocrx_word' id='word_1_68' title='bbox 1108 2112 1126 2155; x_wconf 95' lang='grc' dir='ltr'><strong><em>ο</em></strong></span> <span class='ocrx_word' id='word_1_69' title='bbox 1143 2087 1200 2171; x_wconf 85' lang='grc' dir='ltr'><strong><em>μέν</em></strong></span> <span class='ocrx_word' id='word_1_70' title='bbox 1212 2076 1390 2172; x_wconf 82' lang='grc' dir='ltr'><strong><em>Ὑστάσπης</em></strong></span> <span class='ocrx_word' id='word_1_71' title='bbox 1403 2079 1535 2170; x_wconf 78' lang='grc' dir='ltr'><strong><em>Μηδίας</em></strong></span> 
     </span>
     <span class='ocr_line' id='line_1_12' title="bbox 419 2182 1533 2282; baseline -0.016 -12"><span class='ocrx_word' id='word_1_72' title='bbox 419 2192 526 2262; x_wconf 66' lang='grc' dir='ltr'><strong><em>καί</em></strong></span> <span class='ocrx_word' id='word_1_73' title='bbox 486 2214 543 2281; x_wconf 72' lang='grc' dir='ltr'><strong><em>της</em></strong></span> <span class='ocrx_word' id='word_1_74' title='bbox 555 2182 707 2259; x_wconf 78' lang='grc' dir='ltr'><strong><em>νποκᾶνω</em></strong></span> <span class='ocrx_word' id='word_1_75' title='bbox 721 2182 844 2280; x_wconf 79' lang='grc' dir='ltr'><strong><em>χώρας,</em></strong></span> <span class='ocrx_word' id='word_1_76' title='bbox 861 2217 879 2260; x_wconf 94' lang='grc' dir='ltr'><strong><em>ο</em></strong></span> <span class='ocrx_word' id='word_1_77' title='bbox 870 2185 933 2260; x_wconf 85' lang='grc' dir='ltr'><strong><em>δὲ</em></strong></span> <span class='ocrx_word' id='word_1_78' title='bbox 946 2184 1192 2282; x_wconf 89' lang='grc' dir='ltr'><strong><em>Ζαριάδρης</em></strong></span> <span class='ocrx_word' id='word_1_79' title='bbox 1145 2217 1208 2258; x_wconf 87' lang='grc' dir='ltr'><strong><em>των</em></strong></span> <span class='ocrx_word' id='word_1_80' title='bbox 1219 2182 1370 2279; x_wconf 78' lang='grc' dir='ltr'><strong><em>ὑπεράνω</em></strong></span> <span class='ocrx_word' id='word_1_81' title='bbox 1382 2183 1533 2255; x_wconf 83' lang='grc' dir='ltr'><strong><em>Κασπίων</em></strong></span> 
     </span>
     <span class='ocr_line' id='line_1_13' title="bbox 419 2279 1534 2414; baseline -0.011 -49"><span class='ocrx_word' id='word_1_82' title='bbox 419 2293 577 2365; x_wconf 80' lang='grc' dir='ltr'><strong><em>πελων</em></strong></span> <span class='ocrx_word' id='word_1_83' title='bbox 537 2317 633 2383; x_wconf 82' lang='grc' dir='ltr'><strong><em>μεχρι</em></strong></span> <span class='ocrx_word' id='word_1_84' title='bbox 641 2317 699 2360; x_wconf 90' lang='grc' dir='ltr'><strong><em>του</em></strong></span> <span class='ocrx_word' id='word_1_85' title='bbox 686 2284 878 2371; x_wconf 83' lang='grc' dir='ltr'><strong><em>Τανάϊδος.</em></strong></span> <span class='ocrx_word' id='word_1_86' title='bbox 888 2297 960 2362; x_wconf 82' lang='grc' dir='ltr'><strong><em>Τοῖν</em></strong></span> <span class='ocrx_word' id='word_1_87' title='bbox 969 2294 1006 2362; x_wconf 87' lang='grc' dir='ltr'><strong><em>δέ</em></strong></span> <span class='ocrx_word' id='word_1_88' title='bbox 1015 2293 1160 2366; x_wconf 81' lang='grc' dir='ltr'><strong><em>ἐπέκεινα</em></strong></span> <span class='ocrx_word' id='word_1_89' title='bbox 1169 2317 1225 2362; x_wconf 92' lang='grc' dir='ltr'><strong><em>του</em></strong></span> <span class='ocrx_word' id='word_1_90' title='bbox 1212 2283 1397 2368; x_wconf 82' lang='grc' dir='ltr'><strong><em>Τανάιδος</em></strong></span> <span class='ocrx_word' id='word_1_91' title='bbox 1403 2279 1534 2414; x_wconf 83' lang='grc' dir='ltr'><strong><em>Όμάρτη</em></strong></span> 
     </span>
     <span class='ocr_line' id='line_1_14' title="bbox 418 2383 1536 2518; baseline -0.008 -52"><span class='ocrx_word' id='word_1_92' title='bbox 418 2398 549 2480; x_wconf 77' lang='grc' dir='ltr'><strong><em>βασιλεῖ</em></strong></span> <span class='ocrx_word' id='word_1_93' title='bbox 567 2397 744 2485; x_wconf 78' lang='grc' dir='ltr'><strong><em>Μαραθῶν</em></strong></span> <span class='ocrx_word' id='word_1_94' title='bbox 763 2388 954 2518; x_wconf 76' lang='grc' dir='ltr'><strong><em>θυγάτηρ</em></strong></span> <span class='ocrx_word' id='word_1_95' title='bbox 933 2423 979 2488; x_wconf 91' lang='grc' dir='ltr'><strong><em>ην,</em></strong></span> <span class='ocrx_word' id='word_1_96' title='bbox 1002 2389 1103 2482; x_wconf 78' lang='grc' dir='ltr'><strong><em>ὄνομα</em></strong></span> <span class='ocrx_word' id='word_1_97' title='bbox 1116 2383 1256 2472; x_wconf 75' lang='grc' dir='ltr'><strong><em>Ὁδάτίς·</em></strong></span> <span class='ocrx_word' id='word_1_98' title='bbox 1278 2394 1359 2485; x_wconf 82' lang='grc' dir='ltr'><strong><em>περὶ</em></strong></span> <span class='ocrx_word' id='word_1_99' title='bbox 1370 2385 1410 2482; x_wconf 84' lang='grc' dir='ltr'><strong><em>ἦς</em></strong></span> <span class='ocrx_word' id='word_1_100' title='bbox 1423 2393 1455 2459; x_wconf 80' lang='grc' dir='ltr'><strong><em>ἐν</em></strong></span> <span class='ocrx_word' id='word_1_101' title='bbox 1468 2395 1536 2466; x_wconf 88' lang='grc' dir='ltr'><strong><em>ταῖς</em></strong></span> 
     </span>
     <span class='ocr_line' id='line_1_15' title="bbox 419 2488 1537 2619; baseline -0.007 -51"><span class='ocrx_word' id='word_1_102' title='bbox 419 2498 579 2589; x_wconf 72' lang='grc' dir='ltr'><strong><em>ἱστορίαις</em></strong></span> <span class='ocrx_word' id='word_1_103' title='bbox 597 2492 838 2588; x_wconf 86' lang='grc' dir='ltr'><strong><em>γέγραπται,</em></strong></span> <span class='ocrx_word' id='word_1_104' title='bbox 811 2524 857 2576; x_wconf 91' lang='grc' dir='ltr'><strong><em>ως</em></strong></span> <span class='ocrx_word' id='word_1_105' title='bbox 879 2493 953 2619; x_wconf 83' lang='grc' dir='ltr'><strong><em>άρα</em></strong></span> <span class='ocrx_word' id='word_1_106' title='bbox 965 2493 1045 2568; x_wconf 86' lang='grc' dir='ltr'><strong><em>κατά</em></strong></span> <span class='ocrx_word' id='word_1_107' title='bbox 1065 2493 1119 2568; x_wconf 85' lang='grc' dir='ltr'><strong><em>τδν</em></strong></span> <span class='ocrx_word' id='word_1_108' title='bbox 1140 2494 1239 2566; x_wconf 80' lang='grc' dir='ltr'><strong><em>ὕπνον</em></strong></span> <span class='ocrx_word' id='word_1_109' title='bbox 1261 2497 1378 2565; x_wconf 84' lang='grc' dir='ltr'><strong><em>ἰδοῦσα</em></strong></span> <span class='ocrx_word' id='word_1_110' title='bbox 1398 2488 1453 2562; x_wconf 86' lang='grc' dir='ltr'><strong><em>τδν</em></strong></span> <span class='ocrx_word' id='word_1_111' title='bbox 1473 2503 1537 2561; x_wconf 86' lang='grc' dir='ltr'><strong><em>Ζα-</em></strong></span> 
     </span>
     <span class='ocr_line' id='line_1_16' title="bbox 418 2592 1537 2726; baseline -0.008 -56"><span class='ocrx_word' id='word_1_112' title='bbox 418 2592 553 2693; x_wconf 86' lang='grc' dir='ltr'><strong><em>ριάδρην</em></strong></span> <span class='ocrx_word' id='word_1_113' title='bbox 563 2601 744 2726; x_wconf 73' lang='grc' dir='ltr'><strong><em>ἐρασθείη,</em></strong></span> <span class='ocrx_word' id='word_1_114' title='bbox 764 2595 855 2671; x_wconf 79' lang='grc' dir='ltr'><strong><em>τάδ’</em></strong></span> <span class='ocrx_word' id='word_1_115' title='bbox 874 2595 953 2670; x_wconf 74' lang='grc' dir='ltr'><strong><em>αὐτὸ</em></strong></span> <span class='ocrx_word' id='word_1_116' title='bbox 972 2604 1069 2670; x_wconf 83' lang='grc' dir='ltr'><strong><em>τοῦτο</em></strong></span> <span class='ocrx_word' id='word_1_117' title='bbox 1083 2594 1215 2689; x_wconf 70' lang='grc' dir='ltr'><strong><em>κᾴκείνῳ</em></strong></span> <span class='ocrx_word' id='word_1_118' title='bbox 1231 2592 1345 2676; x_wconf 84' lang='grc' dir='ltr'><strong><em>πάθος</em></strong></span> <span class='ocrx_word' id='word_1_119' title='bbox 1364 2599 1537 2684; x_wconf 84' lang='grc' dir='ltr'><strong><em>συμπεσεῖν</em></strong></span> 
     </span>
     <span class='ocr_line' id='line_1_17' title="bbox 418 2693 1538 2826; baseline -0.004 -54"><span class='ocrx_word' id='word_1_120' title='bbox 418 2697 505 2795; x_wconf 86' lang='grc' dir='ltr'><strong><em>πρδς</em></strong></span> <span class='ocrx_word' id='word_1_121' title='bbox 530 2730 634 2796; x_wconf 86' lang='grc' dir='ltr'><strong><em>αυτην.</em></strong></span> <span class='ocrx_word' id='word_1_122' title='bbox 674 2704 845 2775; x_wconf 77' lang='grc' dir='ltr'><strong><em>Διετέλουν</em></strong></span> <span class='ocrx_word' id='word_1_123' title='bbox 869 2707 946 2794; x_wconf 82' lang='grc' dir='ltr'><strong><em>γοῦν</em></strong></span> <span class='ocrx_word' id='word_1_124' title='bbox 972 2698 1114 2826; x_wconf 83' lang='grc' dir='ltr'><strong><em>άλληλωγ</em></strong></span> <span class='ocrx_word' id='word_1_125' title='bbox 1139 2703 1376 2787; x_wconf 79' lang='grc' dir='ltr'><strong><em>ἐπιθυμοῦντες</em></strong></span> <span class='ocrx_word' id='word_1_126' title='bbox 1405 2693 1460 2768; x_wconf 86' lang='grc' dir='ltr'><strong><em>διά</em></strong></span> <span class='ocrx_word' id='word_1_127' title='bbox 1469 2725 1538 2820; x_wconf 85' lang='grc' dir='ltr'><strong><em>την</em></strong></span> 
     </span>
     <span class='ocr_line' id='line_1_18' title="bbox 417 2795 1539 2936; baseline -0.004 -63"><span class='ocrx_word' id='word_1_128' title='bbox 417 2804 499 2898; x_wconf 81' lang='grc' dir='ltr'><strong><em>κατά</em></strong></span> <span class='ocrx_word' id='word_1_129' title='bbox 509 2802 565 2875; x_wconf 81' lang='grc' dir='ltr'><strong><em>τδν</em></strong></span> <span class='ocrx_word' id='word_1_130' title='bbox 579 2803 873 2936; x_wconf 74' lang='grc' dir='ltr'><strong><em>ὕπνονφαντρισίαν.</em></strong></span> <span class='ocrx_word' id='word_1_131' title='bbox 885 2798 943 2880; x_wconf 87' lang='grc' dir='ltr'><strong><em>Ην</em></strong></span> <span class='ocrx_word' id='word_1_132' title='bbox 953 2799 1022 2876; x_wconf 88' lang='grc' dir='ltr'><strong><em>δε</em></strong></span> <span class='ocrx_word' id='word_1_133' title='bbox 1002 2835 1022 2898; x_wconf 88' lang='grc' dir='ltr'><strong><em>η</em></strong></span> <span class='ocrx_word' id='word_1_134' title='bbox 1036 2800 1372 2896; x_wconf 77' lang='grc' dir='ltr'><strong><em>Ὀδάτιςκαλλίστη</em></strong></span> <span class='ocrx_word' id='word_1_135' title='bbox 1325 2831 1388 2872; x_wconf 87' lang='grc' dir='ltr'><strong><em>των</em></strong></span> <span class='ocrx_word' id='word_1_136' title='bbox 1397 2795 1539 2925; x_wconf 79' lang='grc' dir='ltr'><strong><em>κατάτην</em></strong></span> 
     </span>
     <span class='ocr_line' id='line_1_19' title="bbox 417 2895 1538 3032; baseline -0.01 -51.931"><span class='ocrx_word' id='word_1_137' title='bbox 417 2908 533 2980; x_wconf 84' lang='grc' dir='ltr'><strong><em>Ασίαν</em></strong></span> <span class='ocrx_word' id='word_1_138' title='bbox 532 2935 725 2998; x_wconf 87' lang='grc' dir='ltr'><strong><em>γυναικων</em></strong></span> <span class='ocrx_word' id='word_1_139' title='bbox 724 2911 778 2978; x_wconf 83' lang='grc' dir='ltr'><strong><em>καί</em></strong></span> <span class='ocrx_word' id='word_1_140' title='bbox 793 2931 812 2978; x_wconf 84' lang='lat' dir='ltr'><em>o</em></span> <span class='ocrx_word' id='word_1_141' title='bbox 804 2902 1015 3032; x_wconf 85' lang='grc' dir='ltr'><strong><em>Ζαριάδρης</em></strong></span> <span class='ocrx_word' id='word_1_142' title='bbox 1033 2901 1107 2978; x_wconf 87' lang='grc' dir='ltr'><strong><em>δὲ</em></strong></span> <span class='ocrx_word' id='word_1_143' title='bbox 1085 2936 1146 3004; x_wconf 91' lang='grc' dir='ltr'><strong><em>ην</em></strong></span> <span class='ocrx_word' id='word_1_144' title='bbox 1141 2901 1246 2988; x_wconf 83' lang='grc' dir='ltr'><strong><em>καλός.</em></strong></span> <span class='ocrx_word' id='word_1_145' title='bbox 1270 2909 1460 2996; x_wconf 87' lang='grc' dir='ltr'><strong><em>Πέμποντος</em></strong></span> <span class='ocrx_word' id='word_1_146' title='bbox 1479 2895 1538 2978; x_wconf 82' lang='grc' dir='ltr'><strong><em>οὖν</em></strong></span> 
     </span>
     <span class='ocr_line' id='line_1_20' title="bbox 416 3001 1538 3136; baseline -0.004 -57"><span class='ocrx_word' id='word_1_147' title='bbox 416 3036 475 3080; x_wconf 91' lang='grc' dir='ltr'><strong><em>του</em></strong></span> <span class='ocrx_word' id='word_1_148' title='bbox 462 3001 721 3101; x_wconf 89' lang='grc' dir='ltr'><strong><em>Ζαριάδρου</em></strong></span> <span class='ocrx_word' id='word_1_149' title='bbox 711 3007 798 3131; x_wconf 79' lang='grc' dir='ltr'><strong><em>πρός</em></strong></span> <span class='ocrx_word' id='word_1_150' title='bbox 820 3008 876 3082; x_wconf 80' lang='grc' dir='ltr'><strong><em>τάν</em></strong></span> <span class='ocrx_word' id='word_1_151' title='bbox 901 3005 1052 3130; x_wconf 85' lang='grc' dir='ltr'><strong><em>Ὀμάρτην</em></strong></span> <span class='ocrx_word' id='word_1_152' title='bbox 1076 3038 1129 3079; x_wconf 88' lang='grc' dir='ltr'><strong><em>και</em></strong></span> <span class='ocrx_word' id='word_1_153' title='bbox 1120 3009 1417 3136; x_wconf 80' lang='grc' dir='ltr'><strong><em>φιλρτιμουμένου</em></strong></span> <span class='ocrx_word' id='word_1_154' title='bbox 1436 3008 1538 3097; x_wconf 83' lang='grc' dir='ltr'><strong><em>γῆμαι</em></strong></span> 
     </span>
     <span class='ocr_line' id='line_1_21' title="bbox 417 3105 1538 3235; baseline -0.003 -55"><span class='ocrx_word' id='word_1_155' title='bbox 417 3138 473 3203; x_wconf 91' lang='grc' dir='ltr'><strong><em>την</em></strong></span> <span class='ocrx_word' id='word_1_156' title='bbox 490 3107 680 3235; x_wconf 79' lang='grc' dir='ltr'><strong><em>ἄνθρωπον,</em></strong></span> <span class='ocrx_word' id='word_1_157' title='bbox 704 3108 744 3181; x_wconf 75' lang='grc' dir='ltr'><strong><em>οὗ</em></strong></span> <span class='ocrx_word' id='word_1_158' title='bbox 765 3114 952 3182; x_wconf 85' lang='grc' dir='ltr'><strong><em>συνετίθετο</em></strong></span> <span class='ocrx_word' id='word_1_159' title='bbox 971 3107 988 3182; x_wconf 91' lang='lat'>6</span> <span class='ocrx_word' id='word_1_160' title='bbox 1002 3107 1155 3204; x_wconf 85' lang='grc' dir='ltr'><strong><em>Ομάρτης</em></strong></span> <span class='ocrx_word' id='word_1_161' title='bbox 1174 3108 1283 3181; x_wconf 90' lang='grc' dir='ltr'><strong><em>δια</em></strong></span> <span class='ocrx_word' id='word_1_162' title='bbox 1245 3139 1282 3182; x_wconf 94' lang='grc' dir='ltr'><strong><em>το</em></strong></span> <span class='ocrx_word' id='word_1_163' title='bbox 1304 3106 1381 3179; x_wconf 80' lang='grc' dir='ltr'><strong><em>εἶναι</em></strong></span> <span class='ocrx_word' id='word_1_164' title='bbox 1396 3105 1538 3236; x_wconf 76' lang='grc' dir='ltr'><strong><em>ἀρρένων</em></strong></span> 
     </span>
     <span class='ocr_line' id='line_1_22' title="bbox 416 3205 1536 3337; baseline -0.005 -54"><span class='ocrx_word' id='word_1_165' title='bbox 416 3205 592 3284; x_wconf 90' lang='grc' dir='ltr'><strong><em>παίδων</em></strong></span> <span class='ocrx_word' id='word_1_166' title='bbox 569 3238 705 3306; x_wconf 86' lang='grc' dir='ltr'><strong><em>ερημος·</em></strong></span> <span class='ocrx_word' id='word_1_167' title='bbox 731 3208 833 3306; x_wconf 87' lang='grc' dir='ltr'><strong><em>ηθελε</em></strong></span> <span class='ocrx_word' id='word_1_168' title='bbox 859 3210 920 3306; x_wconf 84' lang='grc' dir='ltr'><strong><em>γάρ</em></strong></span> <span class='ocrx_word' id='word_1_169' title='bbox 947 3243 1063 3337; x_wconf 85' lang='grc' dir='ltr'><strong><em>αυτην</em></strong></span> <span class='ocrx_word' id='word_1_170' title='bbox 1064 3217 1208 3284; x_wconf 83' lang='grc' dir='ltr'><strong><em>δοῦναι</em></strong></span> <span class='ocrx_word' id='word_1_171' title='bbox 1195 3217 1242 3284; x_wconf 86' lang='grc' dir='ltr'><strong><em>ενλ</em></strong></span> <span class='ocrx_word' id='word_1_172' title='bbox 1260 3218 1323 3283; x_wconf 83' lang='grc' dir='ltr'><strong><em>τοῖν</em></strong></span> <span class='ocrx_word' id='word_1_173' title='bbox 1342 3214 1422 3304; x_wconf 83' lang='grc' dir='ltr'><strong><em>περὶ</em></strong></span> <span class='ocrx_word' id='word_1_174' title='bbox 1442 3205 1536 3279; x_wconf 69' lang='grc' dir='ltr'><strong><em>αὐτόν</em></strong></span> 
     </span>
     <span class='ocr_line' id='line_1_23' title="bbox 417 3308 1534 3442; baseline -0.006 -54"><span class='ocrx_word' id='word_1_175' title='bbox 417 3313 552 3390; x_wconf 80' lang='grc' dir='ltr'><strong><em>οἰκείων.</em></strong></span> <span class='ocrx_word' id='word_1_176' title='bbox 576 3318 642 3402; x_wconf 77' lang='grc' dir='ltr'><strong><em>Καὶ</em></strong></span> <span class='ocrx_word' id='word_1_177' title='bbox 655 3311 725 3404; x_wconf 84' lang='grc' dir='ltr'><strong><em>μετ’</em></strong></span> <span class='ocrx_word' id='word_1_178' title='bbox 739 3343 777 3385; x_wconf 91' lang='grc' dir='ltr'><strong><em>ου</em></strong></span> <span class='ocrx_word' id='word_1_179' title='bbox 768 3309 896 3386; x_wconf 80' lang='grc' dir='ltr'><strong><em>πολύν</em></strong></span> <span class='ocrx_word' id='word_1_180' title='bbox 913 3311 1026 3409; x_wconf 82' lang='grc' dir='ltr'><strong><em>χρόνον</em></strong></span> <span class='ocrx_word' id='word_1_181' title='bbox 1043 3312 1063 3388; x_wconf 90' lang='lat'>6</span> <span class='ocrx_word' id='word_1_182' title='bbox 1079 3309 1246 3409; x_wconf 77' lang='grc' dir='ltr'><strong><em>Ὁμάρτης,</em></strong></span> <span class='ocrx_word' id='word_1_183' title='bbox 1266 3310 1446 3442; x_wconf 71' lang='grc' dir='ltr'><strong><em>συναγαγρίν</em></strong></span> <span class='ocrx_word' id='word_1_184' title='bbox 1458 3308 1534 3390; x_wconf 78' lang='grc' dir='ltr'><strong><em>τούς</em></strong></span> 
     </span>
     <span class='ocr_line' id='line_1_24' title="bbox 388 3415 1534 3513; baseline -0.006 -23"><span class='ocrx_word' id='word_1_185' title='bbox 388 3438 392 3446; x_wconf 88' lang='grc'><strong>’</strong></span> <span class='ocrx_word' id='word_1_186' title='bbox 416 3421 451 3490; x_wconf 76' lang='grc' dir='ltr'><strong><em>ἐκ</em></strong></span> <span class='ocrx_word' id='word_1_187' title='bbox 469 3422 528 3511; x_wconf 83' lang='grc' dir='ltr'><strong><em>τῆς</em></strong></span> <span class='ocrx_word' id='word_1_188' title='bbox 547 3421 715 3505; x_wconf 78' lang='grc' dir='ltr'><strong><em>βασιλείας</em></strong></span> <span class='ocrx_word' id='word_1_189' title='bbox 736 3415 893 3513; x_wconf 85' lang='grc' dir='ltr'><strong><em>δυνάστας</em></strong></span> <span class='ocrx_word' id='word_1_190' title='bbox 914 3423 967 3488; x_wconf 85' lang='grc' dir='ltr'><strong><em>καὶ</em></strong></span> <span class='ocrx_word' id='word_1_191' title='bbox 989 3423 1108 3512; x_wconf 81' lang='grc' dir='ltr'><strong><em>φίλους</em></strong></span> <span class='ocrx_word' id='word_1_192' title='bbox 1129 3421 1209 3488; x_wconf 88' lang='grc' dir='ltr'><strong><em>καί</em></strong></span> <span class='ocrx_word' id='word_1_193' title='bbox 1199 3425 1373 3509; x_wconf 77' lang='grc' dir='ltr'><strong><em>συγγενεῖς,</em></strong></span> <span class='ocrx_word' id='word_1_194' title='bbox 1395 3419 1534 3486; x_wconf 76' lang='grc' dir='ltr'><strong><em>’ἐποιεῖτο</em></strong></span> 
     </span>
    </p>
   </div>
   <div class='ocr_carea' id='block_1_6' title="bbox 416 3516 1618 3613">
    <p class='ocr_par' dir='ltr' id='par_1_6' title="bbox 416 3516 1618 3613">
     <span class='ocr_line' id='line_1_25' title="bbox 416 3516 1618 3613; baseline -0.006 -20"><span class='ocrx_word' id='word_1_195' title='bbox 416 3520 493 3604; x_wconf 78' lang='grc' dir='ltr'><strong><em>τούς</em></strong></span> <span class='ocrx_word' id='word_1_196' title='bbox 513 3516 648 3612; x_wconf 90' lang='grc' dir='ltr'><strong><em>γάμους,</em></strong></span> <span class='ocrx_word' id='word_1_197' title='bbox 672 3517 713 3590; x_wconf 85' lang='lat'>06</span> <span class='ocrx_word' id='word_1_198' title='bbox 731 3518 909 3612; x_wconf 72' lang='grc' dir='ltr'><strong><em>προειπών,</em></strong></span> <span class='ocrx_word' id='word_1_199' title='bbox 931 3519 995 3610; x_wconf 80' lang='grc' dir='ltr'><strong><em>ὅτῳ</em></strong></span> <span class='ocrx_word' id='word_1_200' title='bbox 1015 3525 1127 3608; x_wconf 82' lang='grc' dir='ltr'><strong><em>μέλλοι</em></strong></span> <span class='ocrx_word' id='word_1_201' title='bbox 1147 3516 1270 3591; x_wconf 88' lang='grc' dir='ltr'><strong><em>διδόναι</em></strong></span> <span class='ocrx_word' id='word_1_202' title='bbox 1290 3549 1347 3613; x_wconf 91' lang='grc' dir='ltr'><strong><em>την</em></strong></span> <span class='ocrx_word' id='word_1_203' title='bbox 1361 3521 1534 3610; x_wconf 82' lang='grc' dir='ltr'><strong><em>θυγατέρα.</em></strong></span> <span class='ocrx_word' id='word_1_204' title='bbox 1617 3563 1618 3566; x_wconf 59' lang='lat'><em>=</em></span> 
     </span>
    </p>
   </div>
   <div class='ocr_carea' id='block_1_7' title="bbox 373 3617 1535 3921">
    <p class='ocr_par' dir='ltr' id='par_1_7' title="bbox 373 3617 1535 3921">
     <span class='ocr_line' id='line_1_26' title="bbox 415 3617 1533 3720; baseline -0.003 -25"><span class='ocrx_word' id='word_1_205' title='bbox 415 3619 641 3716; x_wconf 78' lang='grc' dir='ltr'><strong><em>’Λκμαζοάσης</em></strong></span> <span class='ocrx_word' id='word_1_206' title='bbox 662 3617 717 3693; x_wconf 79' lang='grc' dir='ltr'><strong><em>οὖν</em></strong></span> <span class='ocrx_word' id='word_1_207' title='bbox 737 3628 794 3716; x_wconf 84' lang='grc' dir='ltr'><strong><em>τῆς</em></strong></span> <span class='ocrx_word' id='word_1_208' title='bbox 813 3627 936 3718; x_wconf 87' lang='grc' dir='ltr'><strong><em>μέθης,</em></strong></span> <span class='ocrx_word' id='word_1_209' title='bbox 967 3627 1153 3720; x_wconf 75' lang='grc' dir='ltr'><strong><em>εἰσκαλέσας</em></strong></span> <span class='ocrx_word' id='word_1_210' title='bbox 1173 3620 1229 3716; x_wconf 76' lang='grc' dir='ltr'><strong><em>τήν</em></strong></span> <span class='ocrx_word' id='word_1_211' title='bbox 1249 3618 1369 3696; x_wconf 79' lang='grc' dir='ltr'><strong><em>Ὀδάτιν</em></strong></span> <span class='ocrx_word' id='word_1_212' title='bbox 1390 3621 1409 3692; x_wconf 95' lang='lat'>6</span> <span class='ocrx_word' id='word_1_213' title='bbox 1432 3618 1533 3714; x_wconf 74' lang='grc' dir='ltr'><strong><em>πατήρ</em></strong></span> 
     </span>
     <span class='ocr_line' id='line_1_27' title="bbox 373 3719 1534 3817; baseline -0.002 -21"><span class='ocrx_word' id='word_1_214' title='bbox 373 3719 385 3732; x_wconf 63' lang='grc'><strong><em>’</em></strong></span> <span class='ocrx_word' id='word_1_215' title='bbox 416 3728 465 3806; x_wconf 87' lang='grc' dir='ltr'><strong><em>εἷς</em></strong></span> <span class='ocrx_word' id='word_1_216' title='bbox 483 3723 523 3795; x_wconf 82' lang='grc' dir='ltr'><strong><em>τδ</em></strong></span> <span class='ocrx_word' id='word_1_217' title='bbox 542 3722 723 3813; x_wconf 86' lang='grc' dir='ltr'><strong><em>συμπόσιον</em></strong></span> <span class='ocrx_word' id='word_1_218' title='bbox 744 3723 843 3813; x_wconf 79' lang='grc' dir='ltr'><strong><em>εἶπεν,</em></strong></span> <span class='ocrx_word' id='word_1_219' title='bbox 866 3721 1042 3817; x_wconf 77' lang='grc' dir='ltr'><strong><em>ἀκουόντων</em></strong></span> <span class='ocrx_word' id='word_1_220' title='bbox 1061 3731 1125 3796; x_wconf 82' lang='grc' dir='ltr'><strong><em>ταῖν</em></strong></span> <span class='ocrx_word' id='word_1_221' title='bbox 1145 3729 1363 3797; x_wconf 89' lang='grc' dir='ltr'><strong><em>συνδείπνων·</em></strong></span> <span class='ocrx_word' id='word_1_222' title='bbox 1396 3724 1534 3813; x_wconf 79' lang='grc' dir='ltr'><strong><em>«Ἡμεῖς,</em></strong></span> 
     </span>
     <span class='ocr_line' id='line_1_28' title="bbox 415 3822 1535 3921; baseline -0.001 -23"><span class='ocrx_word' id='word_1_223' title='bbox 415 3822 445 3898; x_wconf 81' lang='grc' dir='ltr'><em>ὦ</em></span> <span class='ocrx_word' id='word_1_224' title='bbox 468 3823 612 3920; x_wconf 73' lang='grc' dir='ltr'><strong><em>θύγατερ</em></strong></span> <span class='ocrx_word' id='word_1_225' title='bbox 639 3823 756 3914; x_wconf 77' lang='grc' dir='ltr'><strong><em>Ὀδάτι,</em></strong></span> <span class='ocrx_word' id='word_1_226' title='bbox 784 3833 837 3898; x_wconf 85' lang='grc' dir='ltr'><strong><em>νῦν</em></strong></span> <span class='ocrx_word' id='word_1_227' title='bbox 861 3824 1052 3916; x_wconf 79' lang='grc' dir='ltr'><strong><em>ποιούμεθα</em></strong></span> <span class='ocrx_word' id='word_1_228' title='bbox 1079 3827 1157 3908; x_wconf 79' lang='grc' dir='ltr'><strong><em>τοδς</em></strong></span> <span class='ocrx_word' id='word_1_229' title='bbox 1178 3825 1257 3907; x_wconf 82' lang='grc' dir='ltr'><strong><em>σοδς</em></strong></span> <span class='ocrx_word' id='word_1_230' title='bbox 1276 3824 1409 3920; x_wconf 87' lang='grc' dir='ltr'><strong><em>γάμους.</em></strong></span> <span class='ocrx_word' id='word_1_231' title='bbox 1437 3841 1535 3921; x_wconf 77' lang='grc' dir='ltr'><strong><em>Περι</em></strong></span> 
     </span>
    </p>
   </div>
   <div class='ocr_carea' id='block_1_8' title="bbox 414 3923 1618 4129">
    <p class='ocr_par' dir='ltr' id='par_1_8' title="bbox 414 3923 1618 4129">
     <span class='ocr_line' id='line_1_29' title="bbox 414 3923 1618 4026; baseline -0.002 -22"><span class='ocrx_word' id='word_1_232' title='bbox 414 3935 570 4025; x_wconf 78' lang='grc' dir='ltr'><strong><em>βλέψασα</em></strong></span> <span class='ocrx_word' id='word_1_233' title='bbox 590 3923 647 4002; x_wconf 78' lang='grc' dir='ltr'><strong><em>οὖν</em></strong></span> <span class='ocrx_word' id='word_1_234' title='bbox 667 3934 720 4000; x_wconf 83' lang='grc' dir='ltr'><strong><em>καλ</em></strong></span> <span class='ocrx_word' id='word_1_235' title='bbox 741 3926 942 4025; x_wconf 76' lang='grc' dir='ltr'><strong><em>θεωρήσασα</em></strong></span> <span class='ocrx_word' id='word_1_236' title='bbox 959 3927 1095 4018; x_wconf 87' lang='grc' dir='ltr'><strong><em>πάντας,</em></strong></span> <span class='ocrx_word' id='word_1_237' title='bbox 1120 3936 1266 4020; x_wconf 78' lang='grc' dir='ltr'><strong><em>λαβοῦσα</em></strong></span> <span class='ocrx_word' id='word_1_238' title='bbox 1278 3935 1404 4026; x_wconf 79' lang='grc' dir='ltr'><strong><em>χρυσῆν</em></strong></span> <span class='ocrx_word' id='word_1_239' title='bbox 1420 3929 1536 4026; x_wconf 82' lang='grc' dir='ltr'><strong><em>φιάλην</em></strong></span> <span class='ocrx_word' id='word_1_240' title='bbox 1617 3949 1618 4004; x_wconf 67' lang='lat' dir='ltr'>I</span> 
     </span>
     <span class='ocr_line' id='line_1_30' title="bbox 414 4027 1618 4129; baseline 0 -25"><span class='ocrx_word' id='word_1_241' title='bbox 414 4038 468 4106; x_wconf 84' lang='grc' dir='ltr'><strong><em>καί</em></strong></span> <span class='ocrx_word' id='word_1_242' title='bbox 480 4028 699 4127; x_wconf 82' lang='grc' dir='ltr'><strong><em>πληρώσασα,</em></strong></span> <span class='ocrx_word' id='word_1_243' title='bbox 723 4030 781 4113; x_wconf 87' lang='grc' dir='ltr'><strong><em>δδς</em></strong></span> <span class='ocrx_word' id='word_1_244' title='bbox 798 4027 826 4123; x_wconf 79' lang='grc' dir='ltr'><em>ᾧ</em></span> <span class='ocrx_word' id='word_1_245' title='bbox 842 4037 955 4114; x_wconf 89' lang='grc' dir='ltr'><strong><em>θέλεις</em></strong></span> <span class='ocrx_word' id='word_1_246' title='bbox 973 4039 1174 4129; x_wconf 83' lang='grc' dir='ltr'><strong><em>γαμηθῆναι·</em></strong></span> <span class='ocrx_word' id='word_1_247' title='bbox 1195 4028 1311 4105; x_wconf 76' lang='grc' dir='ltr'><strong><em>τούτου</em></strong></span> <span class='ocrx_word' id='word_1_248' title='bbox 1328 4034 1390 4128; x_wconf 86' lang='grc' dir='ltr'><strong><em>γάρ</em></strong></span> <span class='ocrx_word' id='word_1_249' title='bbox 1403 4029 1532 4128; x_wconf 75' lang='grc' dir='ltr'><strong><em>κεκληση</em></strong></span> <span class='ocrx_word' id='word_1_250' title='bbox 1617 4027 1618 4104; x_wconf 75' lang='grc' dir='ltr'><strong><em>ί</em></strong></span> 
     </span>
    </p>
   </div>
   <div class='ocr_carea' id='block_1_9' title="bbox 413 4132 1532 4259">
    <p class='ocr_par' dir='ltr' id='par_1_9' title="bbox 413 4132 1532 4259">
     <span class='ocr_line' id='line_1_31' title="bbox 413 4132 1532 4259; baseline -0.011 -43"><span class='ocrx_word' id='word_1_251' title='bbox 413 4135 521 4232; x_wconf 81' lang='grc' dir='ltr'><strong><em>γυνή.»</em></strong></span> <span class='ocrx_word' id='word_1_252' title='bbox 546 4133 683 4259; x_wconf 75' lang='grc' dir='ltr'><strong><em>Κᾷκείγη</em></strong></span> <span class='ocrx_word' id='word_1_253' title='bbox 695 4138 928 4229; x_wconf 79' lang='grc' dir='ltr'><strong><em>περιβλέψασα</em></strong></span> <span class='ocrx_word' id='word_1_254' title='bbox 939 4133 1062 4216; x_wconf 88' lang='grc' dir='ltr'><strong><em>πάντας</em></strong></span> <span class='ocrx_word' id='word_1_255' title='bbox 1076 4132 1175 4230; x_wconf 75' lang='grc' dir='ltr'><strong><em>άπὴει</em></strong></span> <span class='ocrx_word' id='word_1_256' title='bbox 1187 4133 1386 4230; x_wconf 75' lang='grc' dir='ltr'><strong><em>δακρύουσα</em></strong></span> <span class='ocrx_word' id='word_1_257' title='bbox 1409 4140 1532 4208; x_wconf 85' lang='grc' dir='ltr'><strong><em>ποθοῦ-</em></strong></span> 
     </span>
    </p>
   </div>
   <div class='ocr_carea' id='block_1_10' title="bbox 414 4227 1618 4349">
    <p class='ocr_par' dir='ltr' id='par_1_10' title="bbox 414 4227 1618 4349">
     <span class='ocr_line' id='line_1_32' title="bbox 414 4227 1618 4349; baseline -0.002 -38"><span class='ocrx_word' id='word_1_258' title='bbox 414 4264 459 4311; x_wconf 91' lang='grc' dir='ltr'><strong><em>σα</em></strong></span> <span class='ocrx_word' id='word_1_259' title='bbox 476 4237 534 4311; x_wconf 89' lang='grc' dir='ltr'><strong><em>τδν</em></strong></span> <span class='ocrx_word' id='word_1_260' title='bbox 552 4233 738 4349; x_wconf 88' lang='grc' dir='ltr'><strong><em>Ζαριάδρην</em></strong></span> <span class='ocrx_word' id='word_1_261' title='bbox 759 4241 856 4309; x_wconf 74' lang='grc' dir='ltr'><strong><em>ἰδεῖνΙ</em></strong></span> <span class='ocrx_word' id='word_1_262' title='bbox 879 4235 1054 4310; x_wconf 82' lang='grc' dir='ltr'><strong><em>ε’πεστάλνιε</em></strong></span> <span class='ocrx_word' id='word_1_263' title='bbox 1054 4270 1066 4310; x_wconf 92' lang='grc' dir='ltr'><strong><em>ι</em></strong></span> <span class='ocrx_word' id='word_1_264' title='bbox 1086 4237 1148 4332; x_wconf 82' lang='grc' dir='ltr'><strong><em>γάρ</em></strong></span> <span class='ocrx_word' id='word_1_265' title='bbox 1172 4236 1272 4328; x_wconf 71' lang='grc' dir='ltr'><strong><em>αὐτῷ,</em></strong></span> <span class='ocrx_word' id='word_1_266' title='bbox 1295 4237 1347 4311; x_wconf 85' lang='grc' dir='ltr'><strong><em>ὅτι</em></strong></span> <span class='ocrx_word' id='word_1_267' title='bbox 1368 4245 1534 4326; x_wconf 77' lang='grc' dir='ltr'><strong><em>μέλλουσιν</em></strong></span> <span class='ocrx_word' id='word_1_268' title='bbox 1617 4227 1618 4278; x_wconf 63' lang='grc' dir='ltr'><strong><em>ί</em></strong></span> 
     </span>
    </p>
   </div>
   <div class='ocr_carea' id='block_1_11' title="bbox 413 4338 1535 4643">
    <p class='ocr_par' dir='ltr' id='par_1_11' title="bbox 413 4338 1535 4643">
     <span class='ocr_line' id='line_1_33' title="bbox 414 4338 1533 4465; baseline 0 -51"><span class='ocrx_word' id='word_1_269' title='bbox 414 4347 447 4415; x_wconf 81' lang='grc' dir='ltr'><strong><em>οἱ</em></strong></span> <span class='ocrx_word' id='word_1_270' title='bbox 467 4338 566 4434; x_wconf 86' lang='grc' dir='ltr'><strong><em>γάμοι</em></strong></span> <span class='ocrx_word' id='word_1_271' title='bbox 582 4339 816 4412; x_wconf 79' lang='grc' dir='ltr'><strong><em>συντελεῖσθαι</em></strong></span> <span class='ocrx_word' id='word_1_272' title='bbox 837 4338 868 4414; x_wconf 90' lang='grc'>0</span> <span class='ocrx_word' id='word_1_273' title='bbox 882 4346 920 4412; x_wconf 91' lang='grc' dir='ltr'><strong><em>δε</em></strong></span> <span class='ocrx_word' id='word_1_274' title='bbox 937 4338 1235 4434; x_wconf 80' lang='grc' dir='ltr'><strong><em>στρατοπεδεύων</em></strong></span> <span class='ocrx_word' id='word_1_275' title='bbox 1217 4347 1273 4412; x_wconf 82' lang='grc' dir='ltr'><strong><em>επὶ</em></strong></span> <span class='ocrx_word' id='word_1_276' title='bbox 1288 4369 1346 4465; x_wconf 84' lang='grc' dir='ltr'><strong><em>τρο</em></strong></span> <span class='ocrx_word' id='word_1_277' title='bbox 1332 4339 1533 4463; x_wconf 82' lang='grc' dir='ltr'><strong><em>Τανάῖδρς,</em></strong></span> 
     </span>
     <span class='ocr_line' id='line_1_34' title="bbox 413 4440 1534 4569; baseline 0.002 -55"><span class='ocrx_word' id='word_1_278' title='bbox 413 4450 466 4516; x_wconf 82' lang='grc' dir='ltr'><strong><em>καί</em></strong></span> <span class='ocrx_word' id='word_1_279' title='bbox 491 4443 658 4516; x_wconf 88' lang='grc' dir='ltr'><strong><em>διαλαθων</em></strong></span> <span class='ocrx_word' id='word_1_280' title='bbox 683 4444 739 4537; x_wconf 80' lang='grc' dir='ltr'><strong><em>τήν</em></strong></span> <span class='ocrx_word' id='word_1_281' title='bbox 767 4449 1035 4538; x_wconf 81' lang='grc' dir='ltr'><strong><em>στρατοπεδείαν,</em></strong></span> <span class='ocrx_word' id='word_1_282' title='bbox 1063 4449 1156 4569; x_wconf 78' lang='grc' dir='ltr'><strong><em>διέβη</em></strong></span> <span class='ocrx_word' id='word_1_283' title='bbox 1174 4446 1257 4535; x_wconf 79' lang='grc' dir='ltr'><strong><em>μετά</em></strong></span> <span class='ocrx_word' id='word_1_284' title='bbox 1274 4440 1375 4533; x_wconf 84' lang='grc' dir='ltr'><strong><em>μόνον</em></strong></span> <span class='ocrx_word' id='word_1_285' title='bbox 1397 4451 1459 4518; x_wconf 81' lang='grc' dir='ltr'><strong><em>τοῦ</em></strong></span> <span class='ocrx_word' id='word_1_286' title='bbox 1477 4443 1534 4538; x_wconf 79' lang='grc' dir='ltr'><strong><em>δρ-</em></strong></span> 
     </span>
     <span class='ocr_line' id='line_1_35' title="bbox 413 4543 1535 4643; baseline 0 -25"><span class='ocrx_word' id='word_1_287' title='bbox 413 4543 610 4639; x_wconf 80' lang='grc' dir='ltr'><strong><em>μαιηλάτοα,</em></strong></span> <span class='ocrx_word' id='word_1_288' title='bbox 637 4554 691 4620; x_wconf 85' lang='grc' dir='ltr'><strong><em>καὶ</em></strong></span> <span class='ocrx_word' id='word_1_289' title='bbox 716 4547 826 4628; x_wconf 85' lang='grc' dir='ltr'><strong><em>νακτδς</em></strong></span> <span class='ocrx_word' id='word_1_290' title='bbox 852 4545 999 4643; x_wconf 84' lang='grc' dir='ltr'><strong><em>ὁρμησας</em></strong></span> <span class='ocrx_word' id='word_1_291' title='bbox 1021 4550 1076 4618; x_wconf 79' lang='grc' dir='ltr'><strong><em>ἐπὶ</em></strong></span> <span class='ocrx_word' id='word_1_292' title='bbox 1096 4555 1164 4620; x_wconf 79' lang='grc' dir='ltr'><strong><em>τοῦ</em></strong></span> <span class='ocrx_word' id='word_1_293' title='bbox 1177 4545 1335 4642; x_wconf 77' lang='grc' dir='ltr'><strong><em>ἅρματος</em></strong></span> <span class='ocrx_word' id='word_1_294' title='bbox 1342 4554 1461 4643; x_wconf 81' lang='grc' dir='ltr'><strong><em>διῆλθε</em></strong></span> <span class='ocrx_word' id='word_1_295' title='bbox 1481 4547 1535 4620; x_wconf 84' lang='grc' dir='ltr'><strong><em>διά</em></strong></span> 
     </span>
    </p>
   </div>
   <div class='ocr_carea' id='block_1_12' title="bbox 300 4646 1535 4746">
    <p class='ocr_par' dir='ltr' id='par_1_12' title="bbox 300 4646 1535 4746">
     <span class='ocr_line' id='line_1_36' title="bbox 300 4646 1535 4746; baseline 0 -26"><span class='ocrx_word' id='word_1_296' title='bbox 300 4714 303 4720; x_wconf 91' lang='grc'><strong><em>,</em></strong></span> <span class='ocrx_word' id='word_1_297' title='bbox 413 4651 471 4742; x_wconf 85' lang='grc' dir='ltr'><strong><em>τῆς</em></strong></span> <span class='ocrx_word' id='word_1_298' title='bbox 490 4646 631 4737; x_wconf 86' lang='grc' dir='ltr'><strong><em>πόλεως,</em></strong></span> <span class='ocrx_word' id='word_1_299' title='bbox 654 4647 773 4736; x_wconf 80' lang='grc' dir='ltr'><strong><em>διώξας</em></strong></span> <span class='ocrx_word' id='word_1_300' title='bbox 791 4655 871 4744; x_wconf 82' lang='grc' dir='ltr'><strong><em>περί</em></strong></span> <span class='ocrx_word' id='word_1_301' title='bbox 891 4648 969 4730; x_wconf 79' lang='grc' dir='ltr'><strong><em>τούς</em></strong></span> <span class='ocrx_word' id='word_1_302' title='bbox 989 4649 1369 4730; x_wconf 83' lang='grc' dir='ltr'><strong><em>ὀκτακοσίουςσταδίους.</em></strong></span> <span class='ocrx_word' id='word_1_303' title='bbox 1390 4653 1535 4746; x_wconf 84' lang='grc' dir='ltr'><strong><em>Πλησίον</em></strong></span> 
     </span>
    </p>
   </div>
   <div class='ocr_carea' id='block_1_13' title="bbox 413 4749 1536 4847">
    <p class='ocr_par' dir='ltr' id='par_1_13' title="bbox 413 4749 1536 4847">
     <span class='ocr_line' id='line_1_37' title="bbox 413 4749 1536 4847; baseline -0.001 -21"><span class='ocrx_word' id='word_1_304' title='bbox 413 4755 452 4826; x_wconf 84' lang='grc' dir='ltr'><strong><em>δὲ</em></strong></span> <span class='ocrx_word' id='word_1_305' title='bbox 471 4755 529 4843; x_wconf 78' lang='grc' dir='ltr'><strong><em>τῆς</em></strong></span> <span class='ocrx_word' id='word_1_306' title='bbox 549 4749 657 4843; x_wconf 70' lang='grc' dir='ltr'><strong><em>κώμης</em></strong></span> <span class='ocrx_word' id='word_1_307' title='bbox 676 4749 854 4843; x_wconf 85' lang='grc' dir='ltr'><strong><em>γενόμενος,</em></strong></span> <span class='ocrx_word' id='word_1_308' title='bbox 877 4758 910 4825; x_wconf 79' lang='grc' dir='ltr'><strong><em>ἐν</em></strong></span> <span class='ocrx_word' id='word_1_309' title='bbox 929 4750 952 4847; x_wconf 80' lang='grc' dir='ltr'><em>ᾗ</em></span> <span class='ocrx_word' id='word_1_310' title='bbox 962 4752 1044 4834; x_wconf 78' lang='grc' dir='ltr'><strong><em>τους</em></strong></span> <span class='ocrx_word' id='word_1_311' title='bbox 1058 4750 1180 4846; x_wconf 87' lang='grc' dir='ltr'><strong><em>γάμους</em></strong></span> <span class='ocrx_word' id='word_1_312' title='bbox 1197 4757 1390 4840; x_wconf 81' lang='grc' dir='ltr'><strong><em>συνετέλουν,</em></strong></span> <span class='ocrx_word' id='word_1_313' title='bbox 1412 4758 1467 4826; x_wconf 87' lang='grc' dir='ltr'><strong><em>καὶ</em></strong></span> <span class='ocrx_word' id='word_1_314' title='bbox 1479 4784 1536 4825; x_wconf 87' lang='grc' dir='ltr'><strong><em>κα-</em></strong></span> 
     </span>
    </p>
   </div>
   <div class='ocr_carea' id='block_1_14' title="bbox 0 0 1814 5892">
    <p class='ocr_par' dir='ltr' id='par_1_14' title="bbox 0 0 1814 5892">
     <span class='ocr_line' id='line_1_38' title="bbox 0 0 1814 5892; baseline 0 2"><span class='ocrx_word' id='word_1_315' title='bbox 0 0 1814 5892; x_wconf 95' lang='lat' dir='ltr'><strong><em> </em></strong></span> 
     </span>
    </p>
   </div>
  </div>
 </body>
</html>
