3617 5892
363 2462 367 2466 ’
437 2471 519 2542 Jam
538 2483 652 2552 tenes,
677 2470 885 2539 amicissime
897 2464 1018 2550 Geeri,
1042 2493 1133 2564 quae
1144 2466 1392 2541 scribendihoo
1402 2488 1505 2561 opus-

389 2597 510 2685 oulum
519 2598 680 2689 prineeps
690 2593 777 2665 mihi
788 2595 896 2664 fuerit
908 2618 1028 2675 causa,
1042 2594 1138 2687 quod
1151 2605 1300 2665 uttanta
1309 2605 1349 2665 tu
1358 2594 1506 2685 aooipias

389 2722 648 2802 benevolentia,
675 2731 895 2813 quantaego
918 2720 1020 2789 mitto
1040 2721 1148 2788 animi
1163 2720 1362 2814 voluptate,
1387 2717 1506 2789 admo-

390 2844 476 2915 dum
498 2829 598 2938 spero
624 2856 786 2937 optoque.

440 2969 563 3037 Finem
587 2965 760 3037 scribendi
782 2966 953 3046 faverem,
978 2968 1046 3035 nisi
1071 2976 1328 3060 peropportune
1346 2968 1510 3039 subiisset

389 3090 477 3186 mihi
499 3089 643 3161 Doridis
656 3092 841 3171 memoria,
868 3088 913 3160 de
927 3102 1232 3183 quopauoesunt‚
1260 3115 1351 3186 quae
1362 3093 1407 3161 ab
1418 3090 1512 3159 Heo-

258 3290 259 3296 χ
388 3216 471 3287 kero
495 3214 658 3297 edoctus,
686 3214 774 3286 Viro
794 3212 910 3294 lloot,
939 3225 973 3284 te
995 3216 1169 3285 monitum
1192 3218 1309 3287 velim.
1338 3215 1376 3285 Is
1400 3218 1511 3311 igitur

389 3343 588 3435 nuperrime
605 3342 843 3433 oonjooturam
861 3339 1043 3433 quandam
1053 3364 1153 3411 suam
1164 3342 1302 3411 meeum
1315 3364 1377 3434 per
1388 3342 1511 3411 literas

389 3466 676 3547 communicavit,
704 3488 776 3559 qua
798 3487 968 3559 perquam
990 3464 1170 3561 ingeniose
1179 3468 1313 3536 nemini
1327 3463 1444 3535 adhuc
1456 3468 1513 3536 in·
1628 3502 1629 3523 ι

388 3592 571 3678 tellectum
591 3588 758 3683 Hesyahii
779 3590 898 3659 locum
918 3591 969 3659 ita
986 3588 1171 3659 emendare
1191 3600 1298 3683 atque
1319 3591 1511 3684 explanare

275 3730 278 3734 ’
388 3714 545 3795 studuit,
571 3724 614 3783 ut
643 3712 788 3783 Duridis
823 3736 935 3807 quum
973 3714 1163 3806 paululum
1186 3714 1419 3808 locupletaret
1440 3715 1510 3783 lra-

389 3849 550 3935 gmenta,
582 3835 627 3906 ad
656 3836 847 3908 dictionem
871 3838 978 3907 simul
1004 3837 1253 3908 illustrandam
1282 3840 1509 3932 aliquantum
1571 3853 1574 3862 “

388 3964 567 4033 conferret
590 3960 696 4054 Quod
714 3985 787 4057 quo
802 3964 913 4057 magis
934 3964 1123 4058 intelliges,
1139 3966 1220 4057 -ipsa
1234 3962 1383 4035 Heokeri
1404 3963 1511 4033 verba

387 4086 443 4157 his
476 4089 697 4180 interponere
721 4090 843 4179 juvat,
881 4109 927 4157 ne
951 4088 1041 4157 forte
1075 4090 1161 4158 meis
1194 4101 1298 4161 utens
1337 4092 1407 4159 vim
1433 4089 1510 4180 ejus
1629 4172 1630 4179 ἵ

388 4212 702 4307 argumentationis
731 4211 903 4307 frangam.
938 4211 1143 4292 «Obsitum,
1173 4214 1308 4307 inquit,
1341 4214 1512 4281 memoria
1625 4180 1630 4285 s

373 4334 552 4406 >dictionis
574 4356 647 4405 non
671 4337 793 4417 tritae,
818 4338 857 4405 in
882 4333 1028 4406 Duridis
1053 4340 1189 4431 seriptis
1213 4340 1395 4417 inventae,
1419 4334 1509 4405 deli·
1629 4316 1630 4347 ³

388 4472 516 4531 tesoere
551 4459 691 4531 videtur
725 4463 763 4530 in
796 4450 1090 4555 depravatissimo
1125 4459 1292 4555 Hesychii
1327 4461 1445 4557 glossa
1477 4482 1507 4529 v.

388 4582 606 4674 Rutupinum,
635 4578 755 4677 ὀρθὴν,
782 4577 963 4675 δουριπὴν.
987 4580 1080 4677 παρὰ
1105 4576 1300 4671 Καλλιμάχῳ
1321 4586 1359 4651 δὲ
1377 4578 1435 4674 τήν
1454 4574 1510 4669 χᾶ-

387 4705 495 4803 λαζαν.
517 4705 663 4775 Nullam
682 4710 885 4778 varietatem
904 4732 924 4778 e
943 4707 1060 4777 oodioe
1073 4708 1209 4779 Veneto
1224 4696 1509 4778 enotavitSoho·
