3617 5892
966 731 1027 794 112

431 904 572 970 Pliniana
597 904 723 990 εσρρίει
747 900 900 967 Arrianus
932 902 1022 988 Ειηι,
1062 899 1158 966 Alex.
1187 901 1244 970 vl.
1274 905 1327 970 18.
1360 908 1408 983 23'
1437 905 1495 970 sed
1526 909 1553 972 in

429 1011 568 1075 amnium
591 1031 725 1073 nummo
749 1009 851 1072 Plinio
869 1009 1054 1074 adversatur
1071 1009 1189 1073 Strabo
1204 1031 1236 1094 p.
1253 1012 1335 1076 1025
1348 1011 1382 1076 G.
1408 1013 1553 1092 Latitudn

428 1116 628 1192 Patminnnn,
662 1135 759 1201 qnam
793 1115 994 1180 Aristobulns
1032 1117 1118 1180 1000
1151 1113 1324 1180 stadiorum
1359 1118 1551 1195 aestimavit,

428 1219 571 1286 Nearcho
601 1221 667 1284 800
703 1220 811 1284 stadiis
838 1222 938 1303 mnjnr
964 1231 1127 1306 comperta
1146 1231 1221 1299 ἐεί,
1247 1233 1283 1284 ut
1309 1221 1350 1286 nd
1378 1225 1551 1289 Aristobuli

427 1328 640 1413 fragmentum
651 1338 758 1389 monet
776 1327 901 1391 Strabo.
925 1327 977 1392 Illi
998 1328 1093 1392 tacite
1109 1327 1193 1391 favet
1211 1315 1362 1394 Aininnus
1379 1329 1443 1398 vl.
1464 1333 1516 1396 20.
1534 1332 1550 1392 2

429 1443 460 1496 ει
479 1433 620 1517 proxime
638 1431 763 1496 accedit
779 1432 899 1498 Plinius
927 1434 949 1499 ί.
976 1433 998 1499 1.
1022 1431 1149 1498 Λειίεῑο
1174 1455 1203 1500 n.
1236 1437 1299 1499 ³25
1329 1434 1383 1520 (σί.
1405 1457 1440 1520 p.
1471 1435 1551 1522 103.)

426 1537 588 1602 Palmlnnn
606 1537 709 1602 insula
731 1537 869 1623 potitus,
895 1538 1077 1616 Alexander
1099 1549 1210 1624 portus
1229 1539 1276 1604 ihi
1303 1552 1336 1604 nt
1359 1543 1487 1606 navalia
1501 1563 1550 1604 ex-

426 1645 550 1711 struxit.
585 1642 658 1712 vid.
675 1645 801 1711 ‘Arriam
824 1646 847 1709 1.
872 1646 893 1710 Ι.
907 1647 968 1712 217..
990 1649 1029 1724 2,
1053 1647 1104 1712 18.
1130 1648 1167 1724 2,
1186 1647 1241 1712 20.
1261 1649 1292 1710 5.

937 1869 1047 1938 XLIII.

466 2064 590 2130 Arrinn.
611 2062 669 2131 vl.
690 2063 745 2129 22.
761 2067 834 2127 3-
845 2067 878 2130 8.
902 2053 1266 2150 Λύτός’(Ἀλέξανδρος)
1282 2053 1341 2141 ξύν
1355 2062 1398 2151 τῇ
1413 2063 1542 2151 στρατιᾷ

420 2166 462 2255 τῇ
480 2165 586 2254 πολλῇ
596 2204 635 2216 -
647 2156 834 2254 προύχιιίρει
850 2159 895 2240 ὠς
913 2163 968 2230 ἐπὶ
984 2171 1014 2234 Γ
1010 2155 1197 2252 αδρωσούς,
1215 2159 1335 2252 ἔρημον
1351 2158 1402 2253 την
1414 2156 1537 2252 πολλήν.

421 2268 488 2336 Καί
507 2267 595 2357 ἕκτῇ
611 2259 721 2357 ἐρήμῳ
739 2259 839 2356 ταύτῃ
854 2264 938 2354 λέγει
958 2258 1269 2354 Ἀριστόβουλος
1291 2259 1428 2357 σμύρνης
1441 2260 1538 2334 πολλοὶ

421 2370 538 2460 δένδρα
564 2370 757 2461 πεφυκέναι,
778 2369 922 2454 ῑμείζονα
948 2362 969 2458 ἢ
995 2361 1076 2436 κατοί
1102 2362 1157 2457 την
1183 2361 1279 2458 όίλλην
1311 2361 1464 2460 σμύρναν·
1491 2369 1541 2436 καὶ

418 2467 497 2548 τούς
525 2472 676 2550 Φοίνικας
700 2467 778 2550 τούς
803 2466 872 2542 κατ’
897 2472 1056 2562 ἐμπορίαν
1077 2473 1119 2560 τῇ
1141 2473 1278 2561 στρατιᾷ
1299 2471 1539 2557 ξυνεπομένους,

418 2575 626 2702 ξυλλέγοντας
648 2570 688 2644 τό
717 2568 855 2666 δάκρυον
875 2576 934 2664 τῆς
955 2566 1095 2702 σμύρνης
1115 2569 1213 2660 (πολύ
1235 2567 1296 2664 χοὶρ
1318 2567 1408 2658 εἶναι,
1434 2570 1485 2644 οἷα
1503 2569 1539 2663 δη

418 2679 454 2748 ἐκ
474 2670 621 2767 μεγάλων
645 2704 683 2746 τε
711 2681 776 2746 τῶν
796 2678 956 2770 πρέμνων,
980 2678 1033 2745 καλ
1055 2670 1148 2747 οόπω
1169 2669 1322 2768 πρόσθεν
1342 2677 1540 2802 ξυλλελφχμέ-

417 2807 484 2851 νον·
486 2773 753 2873 )έμπλησανιας
777 2807 820 2848 τα
845 2774 1055 2900 ύποζόχια”
1032 2805 1129 2868 αχειν.
1153 2772 1255 2866 ’Ἐχειν
1284 2780 1322 2848 δὲ
1349 2774 1403 2870 την
1430 2777 1541 2899 ε’ρημον

416 2879 535 2975 ταύτην
558 2887 613 2951 καὶ
637 2878 758 2976 νάρδου
790 2884 884 2974 ῥίζαν
910 2875 1031 2974 πολλήν
1050 2907 1086 2950 τε
1111 2883 1164 2950 καὶ
1186 2875 1336 2969 εὔοσμον,
1356 2882 1408 2948 καί
1426 2874 1540 3003 ταύτην

416 2987 578 3073 ξυλλέγειν
602 2982 681 3064 τούς
714 2986 883 3063 Φοίνικας
905 2981 991 3054 πολυ
1014 2985 1051 3052 δὲ
1071 2983 1149 3053 εἶναι
1171 2979 1270 3076 αὐτῆς
1289 2980 1328 3054 τό
1344 2978 1540 3052 καταπατού-

416 3112 512 3174 μενον
546 3082 633 3177 πρός
659 3090 718 3179 τῆς
747 3090 917 3176 στρατιᾶς,
934 3089 1002 3154 καί
1035 3083 1102 3156 από
1132 3091 1193 3156 τού
1223 3089 1422 3176 πατουμένου
1446 3081 1553 3178 όδμὴν

416 3185 526 3282 ἡδεῖαν
545 3191 688 3276 κατέχειν
709 3186 849 3258 ἐπιπολό
861 3193 928 3282 Ιτῆς
947 3183 1071 3283 χιόρας·
1093 3184 1228 3261 τοσόνδε
1249 3186 1330 3260 εἶναι
1349 3187 1387 3261 τό
1407 3194 1539 3282 πλῆθος.

416 3292 506 3364 nium
532 3296 647 3363 δὲκαὶ
674 3287 756 3362 όίλλα
791 3293 909 3387 δένδρα
940 3295 972 3363 ἐν
998 3295 1040 3386 τῇ
1067 3288 1193 3387 ἐρήμῳ,
1224 3289 1263 3364 τό
1294 3295 1353 3380 μέν
1378 3321 1411 3364 τι
1438 3286 1539 3384 δάφνη

415 3393 518 3476 εὀυιός
545 3393 585 3467 τό
615 3390 747 3490 φύλλον,
777 3397 832 3464 καλ
850 3399 948 3466 τοῦτο
970 3397 1003 3465 ἐν
1021 3403 1090 3474 τοῖς
1110 3397 1405 3489 προσκλυζομένοις
1424 3400 1462 3488 τῇ
1480 3401 1542 3463 θα.

416 3496 532 3594 λόοση·
544 3503 680 3594 χωρίοις
707 3501 901 3593 πεφυκέναι·
930 3503 983 3568 καλ
1010 3495 1259 3570 όπολείπεοθαι
1286 3502 1345 3586 μὲν
1364 3496 1407 3570 τοὶ
1433 3503 1542 3590 δένδρα

416 3599 501 3693 πρός
530 3608 586 3695 τῆς
614 3596 796 3691 ἀμπώτεως
825 3603 880 3671 ε’πλ
912 3603 1029 3695 ξηροῦ,
1053 3596 1251 3680 ἐπελθόντος
1274 3605 1311 3672 δὲ
1329 3605 1391 3674 τοῦ
1412 3599 1541 3684 ὕδατος,

417 3705 450 3772 ἐν
468 3707 510 3795 τῇ
527 3701 681 3796 θαλάσσῃ
701 3697 875 3797 πεφυκότα
894 3708 1086 3797 φαίνεσθαι·
1107 3709 1171 3774 τῶν
1191 3707 1229 3774 δὲ
1249 3700 1301 3774 οίελ
1320 3701 1380 3785 τοὶς
1400 3707 1543 3798 ῥίζαςτῇ

415 3800 570 3900 θαλάσση
598 3802 845 3890 ἐπικλύζεσθαι,
873 3804 936 3878 όσα
957 3809 989 3878 ἐν
1009 3811 1130 3887 κοίλοις
1151 3810 1285 3900 χωρίοις
1304 3803 1479 3900 ἐπεφύκει,
1499 3805 1543 3875 ἔν·

415 3919 542 4003 θενπερ
573 3904 632 3996 ούχ
652 3905 825 3980 ὑπενόστει
843 3907 883 3980 τό
911 3907 1000 4003 ὕδωρ
1011 3942 1030 3996 ,·
1048 3914 1102 3980 καὶ
1122 3908 1212 4000 ὅμως
1230 3906 1268 3980 ου’
1284 3913 1543 4004 διαφθείρεσθαι

414 4011 454 4084 τό
473 4016 604 4104 δένδρον
622 4007 709 4104 πρός
727 4017 784 4105 τῆς
805 4008 987 4106 θαλάσσης.
1008 4013 1097 4085 Εἶναι
1113 4015 1151 4084 δὲ
1169 4013 1211 4083 τόι
1228 4015 1346 4107 δένδρα
1365 4009 1464 4105 ταύτῃ
1479 4007 1545 4104 πή,

416 4143 499 4205 χεων
522 4119 576 4199 καὶ
600 4109 771 4208 τριάκοντα
791 4113 878 4185 ἔστιν
899 4114 921 4184 ἃ
942 4113 1055 4198 αὐτῶν,
1080 4124 1185 4204 τυχεῖν
1204 4143 1241 4186 τε
1261 4113 1426 4187 όνθοῦντα
1447 4115 1545 4206 ἐκείνῃ

417 4225 458 4312 τῇ
478 4215 566 4313 ὥρη,
587 4223 641 4289 καί
659 4219 700 4289 τό
718 4213 820 4296 όιθος
837 4213 974 4308 είναιτηῑ
994 4224 1097 4308 λευκῷ
1115 4215 1257 4309 μάλιστα
1277 4223 1318 4307 ίῳ
1339 4219 1547 4312 προσφερὲς,

416 4320 472 4414 τήν
497 4320 597 4417 όδμῆν
620 4325 659 4393 δέ
677 4317 763 4391 πολύ
790 4349 822 4391 τι
844 4319 1043 4446 ὑπερφέρον.
1070 4327 1139 4393 Καὶ
1162 4319 1258 4394 ι’ίλλον
1283 4323 1363 4393 εἶναι
1380 4320 1496 4394 καυλόν
1515 4322 1549 4390 ἐκ

418 4449 473 4545 χης
491 4421 676 4550 πεφυκότα
666 4421 835 4518 ολιόνθης,
855 4428 908 4494 καί
928 4422 1044 4515 τούτῳ
1051 4428 1182 4497 ἐπεῖναι
1186 4421 1549 4520 ίσχιίραντῆνόίκσνθαν,

418 4521 504 4594 όίστε
515 4525 583 4623 ἤδη
599 4558 692 4600 τινων
709 4531 764 4600 καλ
784 4524 1057 4622 παριππευόντων
1076 4534 1291 4619 ἐμπλακεῖσαν
1305 4559 1345 4621 τη
1330 4531 1486 4620 εσθητι
1494 4554 1551 4595 κα

417 4625 631 4701 τασπόισαι’
609 4631 677 4704 από
699 4638 759 4705 τοῦ
784 4635 892 4705 ίππου
909 4628 1031 4722 μολλόν
1050 4663 1081 4704 τι
1095 4631 1153 4705 τόν
1172 4635 1291 4718 ἱππέα,
1313 4662 1334 4724 η
1350 4659 1447 4722 αυτην
1464 4653 1550 4698 απο-

338 4726 344 4732 ”
417 4732 627 4824 σχισθῆναι’
606 4735 673 4806 από
690 4764 751 4807 του
736 4740 893 4808 καυλοῦ.
913 4738 980 4808 Καὶ
994 4741 1058 4808 τῶν
1076 4735 1210 4826 λοχιτῶν
1228 4729 1390 4824 λέχειαι’
1370 4760 1422 4804 οτι
1442 4757 1550 4824 παρα-
