3617 5892
537 1759 1107 1902 susurris

706 2136 942 2185 saronem

817 2806 841 2872 i.

304 2999 430 3066 Gellius
449 2995 495 3064 Ν.
515 2994 558 3064 A.
577 2997 618 3067 V.
640 2999 672 3065 2.
705 2996 832 3085 Equus
861 2995 1058 3062 Alexandri
1084 2995 1192 3086 Regis
1218 3009 1250 3062 et
1278 2999 1390 3084 eapite

258 3116 294 3171 et
309 3106 444 3167 nomine
461 3101 678 3188 Bucephalos
690 3101 781 3190 fuit,
815 3103 967 3169 Emtum
981 3102 1097 3171 Chares
1118 3105 1264 3191 scripsit
1280 3105 1389 3169 talen·
1481 3103 1484 3108 ’

260 3213 313 3276 tis
331 3205 509 3289 tredecim,
532 3220 565 3273 et
587 3207 677 3296 Regi
705 3207 875 3296 Philippo
900 3209 1071 3274 donatum.
1104 3207 1290 3295 Superiora
1309 3231 1391 3296 equo

258 3316 407 3404 dignum
433 3315 598 3386 memorio
625 3315 755 3394 visum,
786 3314 890 3401 quod,
923 3313 984 3378 uhi
1012 3327 1154 3379 oreatus
1176 3326 1252 3379 orat
1274 3336 1390 3378 ermo-
1445 3318 1446 3321 ’

260 3435 382 3508 tesqua
406 3419 453 3485 od
473 3420 663 3505 proelium,
683 3419 781 3501 houd
807 3440 960 3506 unquam
984 3419 1138 3484 inscendi
1164 3442 1234 3482 seso
1257 3419 1300 3484 ob
1317 3419 1390 3484 alie

258 3529 336 3591 m‘si
355 3549 376 3590 a
398 3525 488 3614 Rege
507 3549 634 3611 possus
652 3528 711 3591 sit.
760 3534 764 3539 ‘
1205 3593 1208 3600 „

305 3634 348 3696 Ut
365 3632 473 3710 urbis,
497 3655 595 3719 quam
609 3633 643 3696 in
664 3633 740 3718 equi
759 3622 807 3696 sui
828 3633 1013 3696 memoriam
1033 3629 1214 3698 Alexander
1226 3631 1387 3712 condidit,

258 3736 358 3827 scribi
377 3740 463 3802 varie
485 3760 600 3802 nomen
626 3739 727 3819 solet,
746 3739 791 3803 ita
809 3738 871 3824 ipsi
893 3759 976 3824 equo
994 3712 1045 3823 vei
1063 3736 1279 3825 Bucephalas
1294 3737 1388 3802 datur

258 3864 377 3907 nomen
403 3844 453 3907 vel
479 3842 714 3931 Bucephalus,
744 3866 881 3931 quorum
911 3844 992 3909 illud
1015 3845 1161 3930 plurimis
1180 3845 1388 3930 scriptoribus

258 3961 425 4034 receptum
445 3952 559 4015 merito
578 3962 687 4015 tuetur
706 3962 777 4037 post
797 3951 1188 4019 Gronovium·Ellendtius
1204 3950 1243 4015 ad
1262 3949 1387 4016 Arrian.

259 4056 300 4123 V.
329 4057 381 4121 19.
407 4057 439 4120 7.
474 4055 600 4142 Equum
626 4058 719 4122 illum
748 4067 873 4142 praeter
896 4057 1113 4122 Alexandrum
1142 4055 1302 4121 admisisse
1331 4076 1387 4117 ne·

259 4161 378 4226 minem
396 4181 568 4242 sessorem,
592 4174 715 4228 tantum
741 4185 804 4228 nou
826 4185 953 4243 omnes,
977 4164 1037 4250 qui
1064 4163 1132 4246 ejus
1154 4161 1386 4240 meminerunt,

259 4269 377 4354 seripto
389 4266 599 4349 mandarunt3
618 4269 658 4333 de
670 4271 791 4335 ratione
802 4291 895 4350 vero,
919 4291 983 4357 qua
994 4268 1192 4354 Bucephalas
1203 4267 1236 4330 iu
1249 4266 1388 4353 Philippi

260 4365 450 4461 uetustatem
462 4373 603 4454 transiit,
617 4397 680 4439 uon
692 4377 736 4441 ita
748 4386 881 4443 constat.
905 4376 1020 4441 Chares
1032 4377 1076 4454 si,
1095 4373 1250 4438 tredecim
1262 4371 1387 4437 talentis

261 4490 421 4574 emptum,
441 4478 525 4544 dono
542 4481 662 4551 dotum
683 4482 831 4568 Phiiippo
854 4481 949 4561 dixit,
971 4481 1011 4545 de
1035 4483 1201 4546 Demarato
1225 4477 1388 4546 Corinthio

259 4587 387 4651 locutus
407 4607 473 4650 esse
493 4587 635 4668 ridetur,
652 4588 792 4674 Philippi
812 4587 956 4674 hospite,
980 4597 1017 4650 ut
1031 4586 1126 4654 Diod.
1139 4587 1203 4651 Sic.
1216 4585 1319 4654 xvlr.
1333 4588 1387 4653 76'.

261 4691 374 4758 Contra
396 4686 637 4762 venumdatum
663 4691 893 4780 Philippospsi
918 4717 936 4759 a
958 4691 1124 4760 Philonieo
1142 4689 1306 4771 Thessalo,
1332 4713 1388 4755 seu
