3617 5892
831 659 891 720 157

297 832 389 896 illum
406 842 440 896 et
453 829 618 898 Charetem
633 828 758 914 legerit.
792 828 905 907 Duris,
931 830 1061 913 opinor,
1080 830 1112 890 in
1130 797 1421 900 Macedonicorum

297 938 389 1002 libris
408 935 449 1001 de
469 937 552 1002 fastu
567 932 739 998 Alexandri
757 935 798 1002 lll.
818 955 997 1021 exponens,
1021 933 1083 1000 hoc
1100 936 1320 1022 gravissimum
1337 949 1421 1004 sttu-

297 1044 379 1108 lerat
394 1042 471 1108 elati
487 1041 583 1107 enimi
595 1051 840 1126 argumentum,
865 1051 902 1105 ut
920 1041 977 1128 qui
990 1051 1085 1136 antea
1101 1041 1230 1120 amicis,
1252 1053 1315 1111 tem
1334 1053 1423 1110 exte·

245 1169 248 1181 ¹
297 1151 341 1213 ris
363 1171 463 1236 quam
484 1146 715 1235 popularibus,
738 1147 841 1214 amice
861 1147 1056 1233 scripsisset,
1080 1145 1167 1212 idern
1187 1148 1280 1215 Asiae
1301 1150 1419 1232 victor,
1540 1167 1545 1178 ·

296 1256 398 1343 posita
412 1266 520 1320 vetere
536 1240 780 1318 observantiam
795 1253 1011 1348 humanitate,
1031 1252 1193 1323 solennem
1209 1252 1270 1322 rori
1285 1251 1422 1342 Χαίρειν
1465 1313 1471 1332 ,

294 1363 467 1428 formulam
484 1361 517 1424 in
537 1359 684 1445 Epistolis
704 1379 781 1444 prae
798 1359 948 1445 superbia
965 1361 1136 1450 omisisset,
1156 1360 1216 1426 nisi
1235 1357 1323 1447 quod
1341 1357 1420 1425 dnos

294 1469 327 1532 in
349 1467 460 1554 primis
477 1463 681 1552 excipiendos
702 1476 862 1550 putasset,
884 1466 1106 1550 Antipatrum,
1130 1473 1227 1552 quem
1251 1465 1341 1552 regni
1360 1465 1420 1528 rni-

294 1575 430 1643 nistrum
450 1574 483 1638 in
503 1571 687 1638 Macedonia
706 1571 906 1658 reliquisset,
931 1582 963 1637 et
984 1572 1198 1652 Phocionem,
1223 1563 1352 1658 propter
1370 1572 1420 1636 in·

294 1682 417 1767 signem
445 1701 570 1745 merum
597 1677 788 1765 probitatem
816 1679 1080 1765 spectatissimum
1098 1680 1158 1764 ipsi
1177 1679 1293 1745 virum.
1320 1677 1420 1746 'Stiri-

294 1785 394 1870 pserit
417 1786 518 1872 igitur
542 1784 657 1864 Duris,
681 1785 725 1850 ito
748 1785 817 1850 fere
841 1796 877 1849 ut
894 1784 1020 1878 volebat
1039 1784 1130 1860 dcet·
1144 1806 1173 1851 ι.
1196 1785 1280 1852 (ient
1299 1807 1331 1870 p.
1356 1787 1418 1848 11:

287 1881 450 1978 -Ἀφεῖίον
462 1881 679 1976 Ἀλέξανδρος
693 1888 757 1954 τῶν
772 1881 953 1957 mausoleis
963 1882 1006 1957 τὸ
1019 1886 1165 1976 Χαίρειν,
1182 1881 1266 1976 πλήν
1278 1879 1312 1954 ἐν
1326 1880 1420 1962 ὅσαις

293 1995 418 2090 ἔγραφε
438 1998 587 2069 Φωκίωνι
599 1998 654 2066 καί
670 1990 901 2089 Ἀντιπάτρῳ·
923 1990 1060 2090 qodrouc
1077 1997 1115 2066 dd
1129 1990 1246 2083 μόνους
1263 1991 1348 2082 μετὰ
1359 1999 1421 2066 τοῦ·

292 2102 428 2191 Χαίρειν
445 2094 692 2192 προσηγόρευε,
706 2105 797 2188 cuae
815 2106 865 2170 ιιι
884 2106 946 2172 uta
964 2103 1125 2172 simillima
1141 2105 1175 2168 in
1190 2104 1274 2170 noro
1289 2103 1419 2184 neers
1465 2173 1468 2180 ,

292 2211 378 2276 lecte
391 2195 453 2274 our
464 2229 533 2283 ¹non
548 2211 676 2296 integra
689 2211 866 2278 reddiderit
883 2211 1095 2291 Plutarchus,
1118 2233 1182 2277 non
1200 2209 1419 2276 eodem-certe

291 2314 463 2381 rethorum
483 2312 613 2393 ordine,
638 2338 732 2386 cause
749 2320 783 2383 in
798 2330 909 2403 operto
926 2331 984 2384 est.
1016 2320 1062 2384 Eo
1079 2320 1183 2398 enim,
1209 2305 1306 2405 quem
1321 2311 1418 2403 supri

291 2421 536 2506 descripsimus,
559 2422 631 2486 loco
658 2445 723 2489 nnn
740 2423 784 2490 de
801 2423 973 2490 Alexandri
992 2426 1087 2491 rebus
1109 2433 1141 2490 el
1161 2426 1290 2512 ingenio
1309 2424 1417 2490 ahsol-

291 2528 356 2605 vir,
372 2525 427 2591 sed
443 2527 612 2598 Phocionis
626 2528 740 2595 scribit
757 2531 871 2610 vitam,
890 2531 1058 2597 Phocionis
1075 2533 1318 2620 pingit'mores,
1335 2529 1418 2596 Pho·

291 2633 392 2698 cionis
414 2633 546 2719 politico
564 2635 694 2720 exponit
715 2636 866 2716 consilia,
891 2637 932 2702 ad
950 2637 1165 2720 Phocionem,
1186 2659 1268 2724 quse
1285 2648 1415 2722 narrat,

290 2740 474 2817 reseruntur
505 2741 621 2814 omnio.
660 2743 774 2828 Itaque
804 2764 822 2806 e
850 2744 924 2808 loco
950 2743 1097 2823 Duridis,
1130 2742 1169 2808 de
1197 2743 1365 2832 Phocione
1380 2755 1416 2808 et

288 2845 459 2931 Antipatro
481 2846 582 2922 ,simul
606 2849 749 2934 egentis,
781 2861 817 2914 ee·
834 2849 1041 2940 potissimum
1070 2847 1262 2927 Plutarchus
1281 2849 1394 2934 selegit
1405 2857 1418 2926 3*

290 2972 376 3038 quae
400 2952 528 3038 qualem
554 2966 780 3041 quantunque
804 2955 959 3046 honorem
982 2955 1136 3022 Phocioni
1159 2953 1337 3024 Alexander
1350 2953 1417 3020 ,hs-

289 3057 646 3137 hnissetdeclararent,
670 3050 717 3133 oie
728 3057 831 3146 piper
845 3051 1012 3145 γενόμενος
1027 3059 1081 3126 καί
1095 3055 1237 3146 Δαρείου
1252 3051 1417 3146 ;κρὰτη’σος

290 3162 410 3260 ἆφεῖίο
428 3169 491 3235 τῶν
510 3161 689 3236 ἐπιστολῶν
705 3163 744 3236 τί
763 3161 1014 3258 Χαίρειν,ιιιίῂν
1032 3162 1065 3236 ἐν
1082 3163 1176 3244 ὅσοις
1194 3164 1320 3257 &pnes
1337 3175 1418 3254 ‚mo-2

288 3273 388 3342 ιιίωιιι.
417 3276 527 3359 Quum
544 3287 619 3344 tero
635 3276 747 3355 Duris,
771 3275 859 3362 quod
871 3263 988 3350 thres
1006 3296 1137 3362 quoque
1153 3273 1337 3351 addiderat,
1356 3295 1416 3358 pa·

290 3384 360 3445 rem
379 3381 533 3448 honorem
550 3381 696 3449 habituro
715 3381 1002 3466 fuisseAntipetro
1019 3380 1225 3466 scripsisset,
1238 3377 1324 3466 qnod
1343 3380 1417 3464 qni·

289 3486 363 3552 dom
378 3510 474 3557 nense
490 3490 585 3556 focile
603 3487 858 3567 dubitasset,.i.d
872 3487 977 3573 ipsum
991 3486 1080 3554 hund
1091 3483 1419 3573 'proetermittendnns

231 3609 234 3613 ·
288 3584 394 3675 ratus,
428 3596 619 3662 Plutarchus
651 3595 759 3663 statim
785 3595 920 3681 pergit:
949 3592 1063 3658 rodem
1085 3589 1123 3656 δὲ
1148 3579 1253 3674 μόνον,
1278 3582 1417 3676 ὥσπερ

287 3689 561 3788 Ἀντίπατρον,
588 3693 671 3782 pero?
694 3699 755 3767 τοῦ
777 3697 915 3788 Χαίρειν
936 3685 1171 3786 προσηγόρευε.
1203 3696 1293 3778 Quae
1319 3695 1417 3760 verhn

288 3813 414 3870 tentrrm
432 3805 522 3872 abest
541 3817 578 3872 nt
597 3805 725 3872 inficeto
736 3805 888 3892 ¹luberent
904 3799 1097 3885 ταοτοίογίᾳ
1114 3800 1158 3891 (ι.
1174 3803 1260 3868 Gcnt
1277 3824 1309 3887 p.
1332 3797 1415 3884 11.),

288 3912 341 3976 sel
357 3909 399 3976 de
416 3910 538 3983 honore
553 3911 722 3983 Phocionis
737 3911 914 3998 quidquam
931 3907 1115 3988 detrahant,
1134 3920 1170 3974 ut
1185 3905 1419 3993 erphordien

286 4017 452 4102 corrigant
472 4029 505 4081 et
527 4017 640 4088 leudes
666 4015 834 4108 Phocionis
857 4037 954 4103 quam
977 4016 1111 4082 maxime
1132 4012 1415 4100 augeantpsiqui-
1487 4039 1491 4049 ¹

286 4123 371 4195 dem,
389 4122 529 4194 victoriis
554 4125 638 4191 eluto
667 4122 998 4210 Regi·Atheniensem
1024 4120 1217 4212 Phocionem
1243 4117 1352 4184 eodem
1379 4119 1414 4186 in
1500 4154 1502 4161 ·

286 4230 409 4309 honere
426 4231 597 4316 pretioque
612 4230 708 4301 tonse
726 4241 876 4316 apparet,
901 4225 1181 4316 quellacedonsm
1190 4225 1412 4310 Antipatrum,

287 4336 345 4421 qni
371 4336 469 4422 ipsius
493 4336 622 4408 nomine
649 4337 745 4404 rebus
772 4334 918 4423 gerendis
943 4335 979 4399 in
997 4331 1125 4418 Europa
1143 4339 1311 4418 praeisset.
1338 4331 1412 4396 «Nec

286 4441 389 4507 multe
408 4463 505 4528 opera
528 4442 661 4511 solvitur
681 4429 775 4540 simul
796 4442 961 4529 quaestio,
994 4438 1244 4526 quamprimum
1264 4439 1413 4523 proponit

287 4569 319 4627 ι.
327 4547 467 4634 fientp,
486 4552 527 4617 10
538 4570 692 4636 sq„·«sn
708 4549 776 4614 ullo
792 4561 886 4635 pacto
903 4545 1030 4613 defendi
1050 4545 1147 4631 possit
1164 4543 1409 4634 rqlgetalectio,

286 4661 462 4745 secundum
485 4682 581 4747 quam
604 4655 781 4727 Alexander
800 4653 992 4724 Phocionem
1021 4652 1162 4732 solum,
1177 4653 1234 4716 oti
1256 4648 1410 4734 Ανιιίρα-
