3617 5892
964 675 1025 748 150

434 850 539 936 potrus
542 847 724 926 Pharsaho
734 845 864 917 totidem
876 846 1018 926 talentis
1028 843 1158 911 tradunt
1170 844 1362 912 Plutarchus
1374 843 1425 912 V
1409 856 1453 909 rt
1467 844 1557 910 Ales.
1615 791 1616 874 i

435 955 481 1024 Vl
498 963 530 1018 et
548 953 668 1018 Plinius
689 953 733 1019 11.
755 949 801 1019 Ν.
826 953 914 1020 Vlll.
935 954 989 1018 ot.
1022 951 1135 1016 Utrum
1158 973 1268 1016 rerum
1289 953 1346 1031 sit,
1369 973 1434 1016 non
1456 953 1558 1036 magni

434 1060 542 1126 relert.
568 1059 634 1124 llec
657 1056 769 1124 celabo
791 1067 913 1137 tamen,
936 1055 1015 1122 mihi
1040 1068 1190 1142 excerpto
1213 1057 1360 1124 Gelliano
1383 1079 1450 1122 non
1475 1058 1556 1121 nimis

434 1162 638 1232 tribuendum
656 1161 768 1229 sideri.
790 1164 917 1228 Emerat
935 1162 1107 1249 aliquando
1128 1163 1251 1229 Gellius
1269 1161 1447 1229 Brundusii
1468 1163 1557 1226 libros

433 1271 587 1358 plurimos
604 1270 762 1352 Graecos,
782 1268 1011 1333 miraculorum
1030 1269 1276 1356 labularumque
1294 1268 1557 1356 plenos,‘quihus

432 1377 574 1444 Aristeae
591 1375 812 1453 Proconnesii‚
836 1374 956 1461 laigoni
981 1375 1179 1456 Nicaeensis,
1203 1374 1341 1452 Ctesias,
1366 1373 1557 1450 Onesicriti,

432 1480 655 1570 Polystephani
676 1478 713 1567 (l.
730 1477 1002 1566 Philostephani),
1018 1482 1172 1567 Hegesiae
1189 1481 1392 1567 aliorumque
1411 1502 1481 1544 non
1499 1482 1558 1565 ipsa

433 1586 564 1676 quidem
575 1607 690 1671 opera,
709 1586 736 1649 ai
748 1597 834 1651 recte
844 1586 1003 1669 conjicio,
1021 1586 1075 1649 sed
1090 1586 1158 1650 loca
1171 1587 1288 1651 selecta
1301 1585 1555 1651 continebantur.

437 1695 516 1760 «Eos
535 1711 662 1769 omnes,
685 1691 747 1768 ait,
778 1689 902 1755 duabus
915 1691 1071 1786 ‘noctibus
1093 1693 1211 1756 cursim
1235 1701 1389 1756 transeo:
1412 1691 1557 1776 atquein

433 1789 568 1886 legendo
586 1797 690 1882 carpsi
708 1795 821 1861 exinde
839 1794 1015 1882 quaedam,
1035 1808 1066 1861 et
1084 1799 1189 1862 notari
1205 1797 1362 1862 mirabilia
1380 1808 1414 1861 et
1430 1799 1556 1882 scripto

434 1904 522 1969 ribus
533 1903 600 1968 lere
611 1903 728 1966 nostris
737 1903 909 1981 intentata;
927 1924 1026 1988 eaque
1038 1902 1095 1967 hia
1106 1905 1365 1967 commentariis
1376 1902 1553 1988 adspersi.»

435 2007 508 2078 vid.
521 2009 578 2074 lx.
597 2010 629 2073 l.
642 2006 761 2072 Eodem
772 2005 866 2070 modo
878 2017 945 2071 tum
957 2007 1081 2094 reliqua
1093 2008 1190 2075 Gellii
1203 2007 1242 2073 da
1254 2008 1461 2094 Bucephala,
1473 2009 1555 2073 Alex·

434 2113 526 2180 andri
539 2114 572 2178 in
589 2114 710 2200 proelio
724 2123 901 2192 servatore,
920 2110 1127 2200 ejusdemque
1148 2115 1225 2202 equi
1242 2125 1365 2194 morte,
1386 2125 1459 2178 tum
1478 2112 1554 2200 quod

435 2220 515 2286 haec
533 2217 714 2306 praecedit,
737 2216 879 2283 Charetia
897 2218 1112 2305 fragmentum
1132 2219 1171 2284 ad
1196 2241 1251 2284 nos
1274 2219 1458 2306 pervenisse
1477 2221 1555 2284 arhi-

437 2339 521 2406 tror,
535 2324 590 2390 sed
606 2335 793 2410 corruptum
811 2334 935 2404 umen,
956 2325 1021 2388 sire
1039 2324 1071 2388 id
1091 2326 1313 2411 Epitomatoris
1333 2325 1430 2410 culpa
1446 2325 1554 2389 lactum

435 2432 477 2496 sit
493 2453 550 2496 seu
566 2429 765 2495 lucubrantis
783 2428 902 2506 Gellii,
921 2427 998 2494 duas
1012 2429 1052 2493 de
1074 2442 1182 2516 empto
1201 2430 1307 2517 deque
1324 2431 1444 2496 donato
1462 2431 1556 2515 Buce-

436 2537 531 2624 phala
541 2534 746 2615 traditiones,
759 2557 837 2621 quaa
849 2533 999 2622 deinceps
1012 2537 1144 2622 scriptas
1157 2536 1307 2623 legebat,
1327 2536 1554 2602 confundentis.

435 2644 614 2710 Genuinam
631 2663 699 2705 esse
713 2641 855 2708 Charetis
872 2643 1085 2707 narrationem
1101 2654 1133 2723 et
1145 2654 1243 2709 totam
1254 2642 1293 2708 ad
1305 2643 1392 2707 hunc
1405 2643 1557 2729 pertinere

437 2770 571 2829 censeo,
596 2770 691 2838 quarn
711 2748 914 2833 prolixiorem
931 2748 955 2816 l.
977 2749 1000 2815 l.
1025 2748 1216 2814 Plutarchus
1234 2750 1384 2828 servarit,
1405 2749 1462 2834 qui
1480 2749 1559 2811 sori·

436 2865 509 2941 pter
521 2865 552 2918 et
563 2853 691 2918 omuino
705 2853 738 2918 in
751 2853 866 2918 talibus
877 2853 1048 2941 diligenter
1059 2853 1205 2920 adhibuit
1216 2854 1396 2932 Charetem,
1416 2863 1448 2916 et
1460 2873 1559 2938 quem

437 2958 527 3023 nullo
542 2959 710 3024 intervallo
726 2959 890 3046 praemisit
900 2959 941 3024 de
952 2958 1137 3046 Lysimacho
1150 2960 1256 3026 locum
1268 2981 1306 3024 ex
1318 2956 1559 3024 eodemdesum-

345 3113 348 3116 .
437 3064 535 3150 psisse
556 3063 716 3150 putandus
739 3076 797 3130 est.
821 3064 896 3132 Vid.
918 3063 959 3129 ad
975 3067 1100 3152 Fragm.
1123 3065 1175 3133 tv.

377 3184 382 3217 l

976 3257 1019 3323 11.

481 3412 646 3480 Plutarch.
671 3411 710 3478 V
707 3415 749 3479 ir
772 3409 870 3479 on.
893 3415 963 3482 XX.
998 3403 1110 3488 Ariusio
1135 3404 1368 3501 (Ἀλέξανδρος)
1395 3411 1445 3497 τῷ
1470 3411 1559 3526 δεξιηῖ
1621 3471 1622 3536 t

437 3514 476 3585 τό
505 3505 667 3601 εὐώνυμον
698 3509 902 3636 ὑπερβηλρίι,
929 3515 984 3582 καί
1013 3506 1179 3603 γενόμενος
1207 3507 1289 3581 nord
1314 3513 1425 3604 κέρας,
1464 3505 1561 3604 puysie

438 3618 573 3707 ἐποίησε
592 3618 657 3684 τῶν
676 3611 754 3684 καθ’
774 3611 872 3730 odada
876 3606 1118 3738 βαρβᾶρών,
1100 3642 1133 3684 εν
1152 3610 1298 3706 πρώτοις
1318 3607 1561 3742 υἷγωνιζρμενρς·

439 3716 525 3798 ὥστε
545 3721 713 3810 τρωθῆναι
732 3703 885 3847 ξίρρι
846 3747 903 3790 τοι
922 3714 1035 3810 μηρὸυ,
1058 3712 1104 3796 ὠς
1125 3720 1183 3804 μὲν
1202 3712 1345 3809 Χάρης
1367 3719 1481 3809 φησίν,
1503 3709 1561 3785 aiud

417 3822 602 3912 Δαρείου·
625 3829 803 3908 συμπεσεῖν
823 3819 886 3915 γσὶρ
908 3815 1027 3900 αὐτους
1048 3822 1095 3900 είς
1116 3827 1237 3913 χεῖρας.

482 3929 611 3994 Falsum
630 3951 697 3993 esse
712 3929 886 3996 Charetem
904 3953 945 3994 ex
963 3931 1104 4016 Epistola
1117 3929 1289 3998 Alexandri
1307 3929 1348 3995 ad
1365 3930 1563 4016 Antipatrum

439 4037 544 4101 statim
564 4035 658 4100 hoc'
648 4058 717 4121 rpso
734 4037 806 4102 loco
825 4036 964 4102 ostendit
981 4037 1190 4115 Plutarchus,
1209 4059 1269 4102 nec
1285 4038 1390 4102 minus
1410 4036 1504 4102 Orat.
1531 4035 1566 4098 dc

440 4140 541 4208 Alco.
558 4143 602 4210 11.
620 4144 641 4206 9
659 4163 667 4208 :
691 4131 735 4210 Ἐν
756 4134 859 4225 Ἰσσῷ,
882 4143 1005 4229 inquit,
1028 4139 1122 4229 ξίφει
1140 4133 1287 4230 (ἐπλήγη)
1306 4132 1362 4206 τὸν
1382 4132 1496 4228 μηρὸν,
1523 4131 1567 4212 ὠς

438 4237 574 4334 Χάρης
585 4244 698 4334 φησίν,
712 4235 780 4312 ὑπὸ
790 4244 933 4333 Δαρείου
947 4245 1007 4313 τοῦ
1019 4242 1193 4329 βασιλέως,
1211 4241 1259 4319 εἰς
1266 4247 1379 4333 χεῖρας
1391 4235 1480 4327 αὐτῷ
1495 4261 1562 4309 συν-

440 4340 627 4437 δραμόντος.
639 4340 749 4424 Αὐτός
758 4346 795 4414 δὲ
803 4340 1021 4438 Ἀλέξανδρος,
1033 4337 1146 4422 ἁπλῶς
1154 4337 1290 4435 γράφων
1298 4344 1351 4412 καί
1362 4338 1446 4428 μετὰ
1460 4335 1567 4432 πάσης

440 4443 598 4537 ἀληθείας
618 4445 705 4541 πρὸς
726 4447 954 4540 Ἀντίπατρον·
979 4449 1117 4539 «Συνέβη
1138 4447 1175 4517 dd
1195 4469 1266 4532 μοι,
1289 4447 1387 4537 φησί,
1410 4446 1466 4514 καὶ
1482 4440 1568 4530 αὐτῷ

441 4549 620 4641 ἐγχειριδίῳ
645 4554 803 4645 πληγῆναι
827 4550 875 4629 εἰς
900 4545 957 4621 cdv
980 4542 1103 4641 μηρόν·
1133 4543 1201 4618 oill'
1229 4542 1324 4620 oridia
1350 4541 1476 4618 ι’ίσοπου
1495 4542 1568 4616 oiire

442 4657 641 4744 παραχρῆμα
665 4649 741 4725 eihs
765 4649 901 4746 ὕστερον
926 4654 960 4722 ἐκ
983 4657 1041 4744 τῆς
1062 4655 1185 4746 πληγῆς
1204 4645 1391 4744 ἀπήντησεν.
1399 4682 1415 4714 n
1442 4658 1564 4732 Ceteri,
