3617 5892
926 742 967 805 42

385 919 486 985 sinem
506 922 607 979 castra
629 924 763 979 metatus
781 924 879 993 esset,
905 914 940 977 in
965 913 1034 979 dies
1057 924 1150 979 aucta
1174 915 1270 1001 liujus
1296 914 1388 981 llurii
1410 936 1514 981 exun-
1628 884 1630 976 l

385 1022 470 1087 datio
504 1020 567 1085 alio
604 1040 677 1085 cum
710 1019 885 1105 confugero
920 1020 1035 1105 coigit.
1074 1020 1120 1085 Ex
1156 1020 1205 1086 his
1233 1022 1333 1109 igitur
1362 1021 1512 1087 omnibus

385 1126 564 1211 colligitur,
593 1121 823 1202 Alexandrum,
851 1120 948 1210 quem
969 1115 1075 1209 ’ἔαρος
1094 1116 1289 1213 άρχομίκου,
1312 1138 1349 1191 ut
1375 1136 1511 1193 testatur

383 1229 597 1308 Aristobulus‚
618 1231 642 1296 i.
660 1252 689 1297 e.
710 1230 920 1315 probabiliter
938 1252 980 1297 rn.
1000 1229 1263 1315 Elaphebolione,
1284 1232 1337 1298 cui
1354 1232 1511 1297 succede·

383 1339 439 1404 bot
456 1336 664 1424 llunychion‚
692 1335 732 1401 ad
753 1336 863 1402 urbem
884 1336 992 1402 Tarila
1009 1335 1151 1423 indeque
1171 1338 1324 1403 continuo
1342 1336 1382 1401 ad
1401 1337 1529 1425 Hydia·

383 1466 472 1531 spem
483 1454 516 1507 et
536 1443 609 1509 Pori
628 1442 791 1528 regionem
808 1444 940 1508 movisse
956 1453 1096 1521 constat,
1115 1441 1202 1508 hunc
1219 1442 1373 1509 ludorum
1385 1445 1511 1529 Regem

382 1552 457 1617 satis
476 1549 533 1615 diu
550 1558 624 1613 ente
641 1538 776 1634 θερινάς
797 1538 923 1635 τροπάς
944 1548 1066 1636 proelio
1088 1550 1218 1628 vicisse,
1238 1561 1274 1614 ut
1292 1571 1356 1613 non
1373 1548 1510 1614 dubium

383 1658 442 1736 sit,
463 1656 541 1742 quin
568 1654 720 1719 Arrianus
746 1673 818 1717 rere
844 1654 927 1719 illud
954 1656 1099 1720 retulerit
1125 1654 1165 1719 ad
1191 1678 1235 1721 m.
1262 1655 1509 1741 llunychionem

382 1763 458 1827 anni
474 1750 686 1847 Hegemonis‚
706 1761 835 1824 circiter
852 1783 894 1827 m.
915 1762 1033 1846 Mejum
1051 1786 1081 1829 a.
1098 1764 1175 1829 326.
1199 1763 1247 1829 Cf.
1265 1763 1418 1848 Droysen.
1439 1762 1463 1829 l.
1481 1762 1507 1828 l.

383 1892 415 1955 p.
438 1869 504 1933 400
525 1889 573 1955 sq.
598 1878 629 1931 et
647 1866 806 1933 llluetzell.
830 1867 869 1931 ad
894 1869 983 1935 Curt.
1003 1890 1036 1955 p.
1059 1872 1122 1934 797
1143 1890 1212 1955 sq„
1233 1869 1286 1934 cui
1309 1880 1415 1934 tamen
1435 1867 1508 1933 Ari·

304 1976 310 1987 “
382 1973 499 2037 stobuli
512 1973 726 2058 fragmentum
744 1972 915 2059 explicanti
935 1997 1000 2039 non
1018 1976 1146 2040 omnino
1162 1967 1330 2055 assentior3
1350 1973 1438 2061 quod
1449 1995 1508 2039 suo

207 2128 210 2137 ,
282 2068 284 2073 ⁸
382 2079 454 2145 loco
470 2077 642 2146 ostendam.

881 2170 1002 2239 xv111.

424 2327 549 2393 Arrian.
574 2326 615 2397 V.
640 2326 694 2395 20.
718 2327 752 2392 2.
775 2314 885 2399 Αδτδς
904 2315 1143 2413 (Ἀλέξανδρος)
1162 2314 1294 2412 ἤλαυνεν
1312 2316 1359 2399 ῶς
1367 2317 1508 2399 ἕπίτοδς
1625 2347 1626 2354 “

379 2420 598 2519 προσχώρους
625 2429 667 2517 τῇ
691 2428 752 2496 τοῦ
779 2419 903 2515 Πῶρου
933 2420 1019 2516 άρχῇ
1042 2418 1165 2501 Ἰνδούς.
1187 2419 1306 2511 ’Όνομα
1334 2427 1373 2492 δὲ
1398 2416 1436 2515 ἦν
1459 2426 1509 2510 τῶ

380 2526 472 2598 ἐθνει
500 2531 724 2617 Γλαυγανῖκαι,
756 2523 802 2606 ῶς
829 2526 915 2616 λέγει
942 2521 1209 2619 Ἀριστόβουλος·
1240 2521 1285 2604 ῶς
1305 2529 1343 2595 δὲ
1362 2529 1507 2597 Πτολε-

380 2639 514 2720 μαῖος,
536 2640 566 2703 Γ
563 2634 689 2701 λαῶσαι.
1623 2699 1624 2706 ,

262 2726 282 2755 ”
426 2741 474 2805 οο
490 2740 694 2827 Glauganicis
706 2740 770 2803 sire
785 2739 930 2819 Glausis,
949 2737 1139 2816 validissima
1155 2736 1265 2803 Indiae
1279 2750 1391 2825 gente,
1409 2760 1507 2826 quam
1622 2727 1623 2774 3

253 2926 261 2931 ,
379 2844 496 2913 deinde
524 2847 624 2911 Porus
652 2846 692 2910 ob
724 2844 903 2909 Alexandro
931 2845 1055 2930 accepit
1083 2844 1258 2931 regundam
1282 2844 1319 2933 (l.
1345 2846 1368 2911 l.
1394 2841 1455 2929 4.),
1478 2845 1508 2909 si

381 2953 530 3017 tacuisset
554 2951 724 3029 Arrianus,
752 2950 855 3014 omnia
874 2950 1103 3035 ignoraremus.
1138 2951 1245 3019 Verbo
1268 2950 1309 3015 de
1331 2951 1367 3015 iis
1394 2959 1507 3013 monet

380 3054 520 3144 llroyseu
536 3077 569 3141 p.
587 3057 666 3122 405.
1118 3066 1122 3074 '

423 3303 546 3371 Arrian.
569 3304 611 3373 V.
635 3304 690 3371 20.
714 3304 751 3383 8,
775 3304 807 3371 9.
845 3288 914 3369 Τοῦ
931 3293 1100 3369 Ἀκεσίνου
1126 3299 1278 3387 ποταμοῦ
1305 3294 1344 3367 τὰ
1361 3296 1506 3386 μέγεθος

377 3397 477 3489 μόνου
496 3408 561 3473 τῶν
579 3400 678 3475 λνδῶν
689 3405 845 3490 ποταμῶν
863 3402 1144 3488 Πτολεμαῖος
1163 3396 1182 3471 ὁ
1201 3393 1352 3490 Λάγου
1372 3395 1505 3492 άνίγρα-

378 3520 459 3599 ψει·
498 3501 577 3577 εἶναι
607 3503 689 3599 γάρ,
720 3508 773 3578 ἵνα
803 3506 962 3598 ἐπέρασεν
988 3500 1203 3596 Ἀλέξανδρος
1232 3498 1328 3573 αὐτῶν
1356 3504 1413 3573 ἐπί
1441 3504 1505 3572 τῶν

377 3612 501 3680 πλοίων
527 3636 565 3679 τε
590 3611 644 3680 καί
671 3613 734 3679 τῶν
759 3612 934 3702 διφθερῶν
953 3603 1009 3691 ξδν
1029 3613 1072 3699 τῇ
1091 3610 1243 3699 στρατιᾷ,
1263 3602 1303 3675 τδ
1321 3608 1379 3692 μὲν
1399 3608 1504 3696 ῥεῦμα

378 3707 435 3794 ὀξδ
453 3714 514 3779 τοῦ
532 3707 701 3782 Ἀκεσίνου
720 3714 856 3805 πέτραις
875 3705 1031 3801 μεγάλαις
1050 3712 1104 3779 καὶ
1123 3706 1261 3795 ὀξείαις,
1280 3704 1358 3779 καθ’
1377 3703 1423 3777 ῶν
1441 3734 1504 3801 φε·

378 3807 512 3907 ρόμενον
540 3816 599 3903 βίᾳ
626 3810 664 3884 rii
692 3812 782 3907 ὕδωρ
812 3814 1028 3902 κυμαίνεσθαί
1054 3838 1092 3882 τε
1120 3814 1175 3881 καί
1192 3806 1375 3899 καχλάζειν·
1401 3809 1441 3882 τδ
1466 3812 1505 3881 tt

377 3908 474 4009 εὖρος
493 3918 644 3996 σταδίους
663 3918 789 4006 ἐπέχειν
807 3917 1042 3986 πεντεκαίδεκα.
1062 3917 1129 3985 Καί
1146 3924 1216 3994 τοῖς
1233 3916 1292 4001 μίν
1310 3910 1352 4007 δὴ
1369 3914 1427 3984 ἐπί
1440 3917 1506 3984 τῶν

377 4024 550 4117 διφθερῶν
578 4024 723 4113 περῶσιν
752 4020 877 4114 εὐμαρῆ
904 4019 1058 4111 γενέσθαι
1080 4015 1136 4089 τῶν
1160 4012 1282 4111 πόρον·
1308 4013 1386 4097 τοδς
1412 4021 1452 4089 δὲ
1470 4019 1505 4088 c’r

292 4156 296 4165 ¹
375 4130 445 4202 τοῖς
462 4124 592 4201 πλοίοις
611 4117 855 4210 διαβάλλοντας,
886 4116 1118 4193 ἐποκειλάντων
1144 4124 1275 4191 πολλῶν
1302 4122 1427 4191 πλοίων
1444 4123 1503 4191 ε’πλ

375 4232 447 4304 ταῖς
459 4227 596 4318 πέτραις
604 4228 659 4295 καί
677 4227 954 4319 ξυναραχθίνταυ,
976 4220 1035 4297 criu
1053 4221 1181 4315 ὀλίγους
1193 4224 1295 4295 αὐτοῦ
1305 4225 1339 4295 ἐν
1350 4227 1399 4314 τῶ
1407 4220 1504 4294 ὕδατι

376 4331 610 4421 διαφθαρῆναι
1133 4347 1135 4350 ’
1391 4408 1399 4420 .

413 4437 466 4501 'De
485 4438 638 4519 Acosiue,
663 4449 734 4525 post
753 4438 869 4505 ludum
891 4439 1027 4504 marimo
1053 4436 1163 4505 Indiae
1183 4436 1297 4517 llario,
1321 4436 1395 4501 ride
1417 4456 1504 4525 quac

231 4542 239 4553 '
375 4545 535 4609 annotarit
562 4566 593 4612 r.
615 4543 648 4612 d.
673 4544 773 4631 chys,
801 4544 983 4611 Commeat.
1002 4543 1119 4633 geogr.
1147 4564 1180 4630 p.
1211 4547 1286 4612 103.
1328 4544 1401 4626 Quo
1427 4542 1501 4607 loco

375 4648 552 4715 Alexander
569 4650 672 4715 illum
693 4652 874 4736 trajecerit,
897 4674 934 4719 ex
962 4651 1024 4719 hoc
1051 4650 1223 4717 Ptolemaei
1246 4649 1425 4737 fragmento
1449 4648 1501 4713 in·

375 4754 540 4842 vestigavit
559 4755 711 4841 Droysen.
732 4778 765 4844 p.
786 4756 903 4839 400.’
997 4835 1000 4840 ,
1070 4813 1073 4819 ,
