3617 5892
478 1760 1212 1907 snrsrooosr·

644 2124 719 2183 virs
737 2125 774 2173 ET
792 2122 1013 2256 COMMENTAKI.

729 2394 901 2414 un...-

307 2748 347 2812 In
376 2744 546 2811 comitibus
574 2744 747 2810 Alexandri
780 2762 862 2831 quae
897 2745 996 2810 luerit
1028 2745 1211 2816 Aristobulo
1242 2750 1398 2837 dignitas,

261 2855 353 2921 nullo
375 2863 463 2918 certo
487 2863 675 2939 argumento
700 2853 864 2939 probator.
899 2854 933 2917 Si
959 2859 1062 2941 operis
1086 2856 1128 2922 ab
1158 2878 1196 2921 eo
1224 2857 1398 2942 conscripti

261 2975 334 3027 tum
352 2959 525 3024 dictionem
544 2971 686 3045 spectas,
710 2971 779 3024 tum
798 2960 955 3025 rationem
972 2962 1125 3045 attendis,
1151 2962 1280 3051 qualem
1300 2962 1398 3028 fuisse

260 3070 441 3153 fragmenta
468 3062 626 3147 indicant,
657 3065 834 3132 doctiorem
860 3067 928 3131 lere
959 3080 992 3133 et
1020 3070 1053 3133 in
1083 3069 1216 3157 singulis
1248 3068 1399 3135 subtilio-

261 3196 347 3253 rem3
370 3174 407 3236 iis
428 3173 532 3258 potius
551 3171 767 3237 accensendus
789 3194 855 3236 csse
874 3172 1038 3255 videntur,
1058 3175 1114 3262 qui
1130 3175 1303 3241 Alexandri
1322 3198 1398 3262 gro-

261 3282 340 3345 tiam
361 3278 483 3364 ingenii
506 3288 537 3341 et
564 3276 727 3342 doctrinae
754 3276 909 3343 laudibus.
923 3279 982 3341 sibi
1009 3283 1277 3365 comparaverint,
1299 3302 1396 3367 quam

263 3386 324 3471 qui
342 3384 531 3450 fortitudine
553 3396 585 3448 et
607 3385 653 3449 rei
676 3384 819 3448 militaris
839 3384 965 3471 peritia.
998 3386 1056 3452 Cui
1076 3384 1248 3474 suspicioni
1270 3386 1399 3451 Arriani

263 3501 354 3557 certe
365 3490 633 3577 simplicissimum
646 3492 877 3556 testimonium:
891 3480 1145 3578 συνεστράτευσε
1158 3488 1289 3573 βασιλεῖ
1302 3484 1399 3558 'Ate-

197 3650 198 3657 ,
260 3584 392 3681 §dodosi
405 3593 445 3683 ¹),
474 3597 557 3661 nihil
577 3597 697 3675 obstat,
729 3598 849 3683 quippe
868 3595 954 3683 qnod
975 3594 1202 3660 Aristobulom
1218 3594 1400 3661 Alexandro

260 3700 362 3763 fuisse
386 3701 593 3789 expeditionis
615 3704 736 3769 socium
760 3704 884 3789 arguit,
903 3701 1037 3767 militiae
1056 3724 1171 3768 nomen
1189 3700 1313 3768 dedisse
1333 3726 1397 3769 non

261 3808 371 3893 arguit
382 3805 423 3895 ²).
447 3810 514 3874 Nec
532 3811 668 3875 militem
684 3832 799 3903 munus
812 3810 951 3889 redolet,
966 3793 1053 3896 qnod
1065 3808 1243 3897 aliquando
1255 3832 1289 3875 se
1300 3806 1396 3897 Regis

240 3906 354 3995 ¹jirssu
373 3914 546 4001 suscepisse
558 3915 761 3983 Aristobulus
779 3928 925 4006 testatur,
949 3919 1055 4005 Agens
1066 3917 1151 3981 enim
1169 3916 1209 3981 de
1220 3918 1292 4005 Cyri
1305 3914 1398 3984 Cam·

260 4084 460 4105 fi—...—-

296 4202 325 4263 lt
343 4203 458 4255 Prooem.
475 4204 507 4253 ed
523 4180 594 4271 Eepi
610 4204 687 4253 Alco.
704 4203 737 4268 2,
755 4205 816 4255 coll.
834 4206 864 4256 V.
883 4204 909 4255 7.
928 4204 954 4271 1,
971 4205 997 4256 8.
1015 4204 1041 4255 1.
1063 4265 1066 4271 ¹

297 4294 326 4362 2)
345 4300 418 4347 llunc
442 4300 514 4349 verbi
531 4280 736 4370 συστρατεύειν
753 4292 828 4351 usim
850 4317 902 4351 non
921 4302 1024 4365 quidem
1041 4316 1106 4367 opus
1121 4302 1170 4350 erit
1185 4305 1216 4349 ut
1235 4300 1322 4348 moltis
1338 4299 1399 4349 illus

260 4394 351 4441 strom.
370 4392 395 4439 Si
409 4392 580 4457 ,tontiretert,
591 4392 771 4443 Callisthenem
787 4392 827 4441 edi
841 4408 881 4457 op.
901 4394 941 4442 Jo.
958 4394 1031 4443 Laut.
1047 4393 1143 4457 lydum
1160 4391 1192 4439 ds
1208 4390 1292 4439 Meos.
1305 4406 1331 4455 p.
1344 4387 1399 4456 264

262 4477 316 4546 (ed.
346 4474 472 4543 Boethi„
490 4493 608 4543 quaeque
623 4470 659 4526 'de
676 4480 774 4541 comico
792 4479 945 4536 Pherecrates
967 4479 1057 4527 Suidss
1072 4477 1148 4539 fingit
1161 4492 1181 4526 s.
1203 4490 1227 4525 v.
1243 4476 1282 4523 lll
1300 4475 1397 4541 poen

261 4562 315 4611 ttisi
325 4563 404 4625 igitur
419 4580 487 4613 mero
501 4562 648 4635 conjectum
657 4554 712 4628 est',
725 4563 920 4613 Sooctocrucius
931 4563 972 4613 vel
984 4565 1010 4612 in
1018 4563 1159 4625 graviorem
1168 4561 1295 4625 quendam
1305 4568 1397 4613 testem

261 4648 358 4697 incidit
371 4648 413 4697 vel
429 4655 524 4699 temere
537 4652 720 4715 interpretatus
734 4656 773 4699 est
789 4648 940 4712 Arrionnm,
960 4663 1039 4713 quum
1056 4647 1119 4696 oseti
1135 4646 1245 4697 ducibus
1262 4647 1406 4699 Alexandri.

262 4734 440 4791 Aristobulom
457 4742 614 4802 oocerrseret,
634 4740 726 4787 anm.
746 4738 804 4785 orit.
824 4752 847 4800 p.
866 4733 908 4783 ¹12.

1264 4818 1292 4866 4*
