3617 5892
406 1750 1232 1911 'trossulus

666 2146 740 2192 etna
760 2146 798 2193 ΕΤ
814 2144 1035 2195 conuenienti.

338 2780 567 2848 DePtolemaei
587 2786 719 2870 vitaqni
737 2785 846 2849 Geieri
865 2784 981 2869 legerit
1000 2784 1312 2867 commentationem,
1330 2786 1418 2851 nobis

293 2884 425 2977 quidem
441 2890 524 2955 hanc
544 2891 638 2955 facile
662 2890 750 2980 dabit
766 2888 905 2969 reniam,
930 2901 966 2955 ut
986 2892 1096 2977 paucis
1124 2903 1156 2955 et
1181 2894 1360 2957 summatim
1379 2892 1419 2957 de

293 3018 333 3061 ea
350 2996 560 3062 absolvamus.
590 2995 701 3082 Neque
724 2998 818 3061 etism
838 2997 882 3062 ita
910 2994 1091 3063 describere
1111 2998 1329 3065 Ptolemaeum
1353 3021 1419 3065 esse

293 3114 437 3167 nostrum
464 3124 643 3181 censemus,
672 3115 707 3168 ut
735 3104 863 3189 qualem
889 3103 1017 3168 omnino
1050 3126 1083 3167 se
1109 3105 1292 3189 probaverit
1317 3104 1420 3181 homi·

293 3230 386 3286 nem,
410 3210 538 3294 qualem
560 3210 620 3271 snb
638 3209 817 3273 Alexandro
846 3209 978 3286 ducem,
1004 3210 1131 3295 qualem
1153 3221 1262 3295 postea
1283 3210 1421 3296 Aegypti

293 3316 435 3399 Regem,
455 3315 577 3399 prolixa
595 3315 808 3400 disputatione
830 3314 1046 3394 ostendamus;
1068 3314 1123 3379 sed
1140 3315 1230 3379 nobis
1242 3336 1278 3379 ex
1291 3316 1424 3398 publico

296 3419 365 3502 ejus
381 3422 579 3507 ‘privataque
609 3423 672 3485 vita
700 3443 737 3484 ea
766 3421 900 3484 maxime
935 3418 1105 3505 spectanda
1134 3432 1222 3497 sunt,
1263 3442 1345 3505 qnae
1380 3422 1422 3485 oh

295 3526 407 3590 oculos
426 3538 563 3613 ponant,
588 3527 665 3613 quid
684 3529 718 3590 in
739 3528 834 3590 rebus
856 3525 1028 3589 Alexandri
1048 3523 1224 3589 scribendis
1243 3536 1312 3588 tum
1331 3546 1425 3610 prae·

296 3642 380 3694 stare
399 3636 557 3717 potuerit,
577 3645 644 3697 tum
666 3655 740 3697 vero
757 3633 949 3718 praestitisse
971 3630 1125 3698 rideatur.
1150 3630 1200 3697 Ad
1217 3631 1305 3695 hunc
1323 3632 1423 3695 veluti

295 3759 430 3821 scopum
450 3750 555 3805 nostra
577 3740 675 3803 omnis
695 3739 802 3802 tendet
826 3740 936 3804 oratio.

340 3844 458 3909 Natum
481 3846 579 3933 igitur
606 3847 821 3909 Ptolemaeum
853 3846 961 3911 lerunt
991 3867 1020 3910 a.
1046 3844 1080 3911 C.
1106 3868 1139 3915 n.
1159 3848 1222 3911 367
1238 3842 1263 3932 ¹)
1285 3847 1319 3909 in
1337 3836 1423 3932 quoss

299 4044 500 4055 ——ffl

332 4146 360 4214 1)
375 4150 490 4199 Decessit
510 4149 669 4199 Ptolemaeus
695 4151 786 4200 aetatis
810 4165 877 4198 anno
903 4147 1058 4212 octogesimo
1084 4153 1192 4215 quarto,
1218 4153 1284 4197 teste
1312 4144 1423 4201 Lucisne

296 4246 411 4296 Μαιιοϋ.
429 4247 477 4319 ΧΠ
496 4264 503 4295 :
521 4236 708 4312 Πτολεμαῖος
729 4228 747 4295 δ
766 4228 888 4315 Λάγον,
912 4226 931 4294 δ
951 4228 1104 4297 τῶνκαθ’
1125 4227 1229 4295 iuvaris
1250 4224 1424 4307 cridasposs'-
1530 4242 1543 4261 “

296 4354 404 4409 στανος
429 4330 584 4417 βασιλέων,
610 4328 769 4417 Αἰγύπτου
797 4333 854 4416 μὲν
881 4333 1066 4417 ἐβασίλευσε,
1079 4330 1219 4418 χτέσσαρα
1240 4330 1291 4393 καὶ
1314 4324 1428 4415 ὀγδοή-

296 4459 385 4499 κοντα
410 4432 523 4519 βιώσας
548 4434 610 4521 ἔτη,
637 4437 700 4513 ζῶν
725 4436 761 4501 δὲ
787 4434 941 4523 παρέδωκε
963 4436 1019 4523 τήν
1041 4434 1140 4520 ἀρχήν
1161 4430 1222 4517 nod
1244 4434 1329 4495 δυοῖν
1350 4433 1430 4499 ἐτοῖν

297 4541 353 4621 τῆς
384 4543 519 4625 τελευτῆς
551 4542 597 4629 τῷ
625 4540 804 4628 Πτολεμαίῳ
830 4541 876 4631 τῷ
900 4540 966 4631 υἱῷ,
995 4533 1175 4624 Φιλαδέλφῳ
1203 4534 1238 4599 δὲ
1267 4534 1430 4621 ἐπίκλησιν.

298 4644 425 4705 uernans
446 4652 549 4712 antem,
577 4648 598 4695 si
625 4648 710 4696 statim
734 4651 790 4713 post
808 4646 945 4697 Alexandri
961 4651 1069 4695 mortem
1091 4660 1114 4693 a.
1134 4640 1185 4691 323
1205 4656 1310 4705 regnum
1328 4644 1385 4707 ejus
1405 4643 1432 4689 in
1517 4634 1525 4649 ’

299 4730 398 4793 cepisse
422 4733 558 4797 ponimns,
576 4732 645 4782 solus
669 4749 749 4784 annos
774 4732 808 4781 38
826 4734 852 4783 i.
873 4749 897 4781 e.
918 4732 959 4801 sd,
971 4747 995 4782 s.
1019 4728 1078 4793 285,
1096 4728 1189 4792 quibus
1206 4728 1298 4779 additis
1313 4728 1428 4779 dnobus.
1533 4763 1536 4769 .

694 4828 698 4835 .
1150 4824 1156 4835 ι
1246 4810 1276 4859 Ῑλ
