<?xml version="1.0" encoding="UTF-8"?>
<!DOCTYPE html PUBLIC "-//W3C//DTD XHTML 1.0 Transitional//EN"
    "http://www.w3.org/TR/xhtml1/DTD/xhtml1-transitional.dtd">
<html xmlns="http://www.w3.org/1999/xhtml" xml:lang="en" lang="en">
 <head>
  <title>
</title>
<meta http-equiv="Content-Type" content="text/html;charset=utf-8" />
  <meta name='ocr-system' content='tesseract 3.04.00' />
  <meta name='ocr-capabilities' content='ocr_page ocr_carea ocr_par ocr_line ocrx_word'/>
</head>
<body>
  <div class='ocr_page' id='page_1' title='image "./ptolemaeieordae00chargoog/ptolemaeieordae00chargoog_0094.png"; bbox 0 0 3617 5892; ppageno 0'>
   <div class='ocr_carea' id='block_1_1' title="bbox 941 733 983 795">
    <p class='ocr_par' dir='ltr' id='par_1_1' title="bbox 941 733 983 795">
     <span class='ocr_line' id='line_1_1' title="bbox 941 733 983 795; baseline 0.024 -1"><span class='ocrx_word' id='word_1_1' title='bbox 941 733 983 795; x_wconf 86' lang='lat' dir='ltr'><strong>to</strong></span> 
     </span>
    </p>
   </div>
   <div class='ocr_carea' id='block_1_2' title="bbox 392 901 1533 1309">
    <p class='ocr_par' dir='ltr' id='par_1_2' title="bbox 392 901 1533 1309">
     <span class='ocr_line' id='line_1_2' title="bbox 396 901 1533 997; baseline -0.003 -25"><span class='ocrx_word' id='word_1_2' title='bbox 396 906 432 997; x_wconf 88' lang='grc' dir='ltr'><strong>(Ι.</strong></span> <span class='ocrx_word' id='word_1_3' title='bbox 456 910 479 977; x_wconf 93' lang='lat' dir='ltr'><strong>l.</strong></span> <span class='ocrx_word' id='word_1_4' title='bbox 502 928 533 994; x_wconf 88' lang='lat' dir='ltr'><strong>p.</strong></span> <span class='ocrx_word' id='word_1_5' title='bbox 555 903 644 995; x_wconf 60' lang='lat' dir='ltr'><strong>79.ss</strong></span> <span class='ocrx_word' id='word_1_6' title='bbox 678 905 820 971; x_wconf 72' lang='lat' dir='ltr'><strong>Traditus</strong></span> <span class='ocrx_word' id='word_1_7' title='bbox 840 924 908 969; x_wconf 89' lang='lat' dir='ltr'><strong>esso</strong></span> <span class='ocrx_word' id='word_1_8' title='bbox 925 904 1076 971; x_wconf 77' lang='lat' dir='ltr'>Oratores</span> <span class='ocrx_word' id='word_1_9' title='bbox 1094 902 1210 992; x_wconf 66' lang='lat' dir='ltr'><strong>auidas</strong></span> <span class='ocrx_word' id='word_1_10' title='bbox 1229 901 1413 983; x_wconf 86' lang='lat' dir='ltr'><strong>contendit;</strong></span> <span class='ocrx_word' id='word_1_11' title='bbox 1429 904 1533 969; x_wconf 89' lang='lat' dir='ltr'><strong>nolim</strong></span> 
     </span>
     <span class='ocr_line' id='line_1_3' title="bbox 393 1008 1533 1099; baseline -0.004 -20"><span class='ocrx_word' id='word_1_12' title='bbox 393 1014 544 1099; x_wconf 71' lang='lat' dir='ltr'><strong>probaro,</strong></span> <span class='ocrx_word' id='word_1_13' title='bbox 567 1034 620 1079; x_wconf 90' lang='lat' dir='ltr'><strong>eos</strong></span> <span class='ocrx_word' id='word_1_14' title='bbox 640 1032 717 1077; x_wconf 82' lang='lat' dir='ltr'><strong>reru</strong></span> <span class='ocrx_word' id='word_1_15' title='bbox 738 1013 823 1099; x_wconf 89' lang='lat' dir='ltr'><strong>ipsus</strong></span> <span class='ocrx_word' id='word_1_16' title='bbox 853 1008 987 1076; x_wconf 87' lang='lat' dir='ltr'><strong>traditus</strong></span> <span class='ocrx_word' id='word_1_17' title='bbox 1009 1030 1095 1089; x_wconf 87' lang='lat' dir='ltr'><strong>assa,</strong></span> <span class='ocrx_word' id='word_1_18' title='bbox 1123 1010 1180 1096; x_wconf 89' lang='lat' dir='ltr'><strong>qui</strong></span> <span class='ocrx_word' id='word_1_19' title='bbox 1208 1008 1431 1089; x_wconf 76' lang='lat' dir='ltr'><strong>nominantur,</strong></span> <span class='ocrx_word' id='word_1_20' title='bbox 1459 1011 1533 1097; x_wconf 91' lang='lat' dir='ltr'><strong>quis</strong></span> 
     </span>
     <span class='ocr_line' id='line_1_4' title="bbox 392 1114 1532 1201; baseline -0.004 -16"><span class='ocrx_word' id='word_1_21' title='bbox 392 1118 527 1185; x_wconf 82' lang='lat' dir='ltr'><strong>eredat?</strong></span> <span class='ocrx_word' id='word_1_22' title='bbox 555 1118 683 1187; x_wconf 84' lang='lat' dir='ltr'><strong>(laturos</strong></span> <span class='ocrx_word' id='word_1_23' title='bbox 711 1139 775 1183; x_wconf 91' lang='lat' dir='ltr'><strong>non</strong></span> <span class='ocrx_word' id='word_1_24' title='bbox 794 1138 892 1195; x_wconf 89' lang='lat' dir='ltr'><strong>curu,</strong></span> <span class='ocrx_word' id='word_1_25' title='bbox 923 1114 979 1181; x_wconf 85' lang='lat' dir='ltr'><strong>sed</strong></span> <span class='ocrx_word' id='word_1_26' title='bbox 997 1115 1032 1181; x_wconf 93' lang='lat' dir='ltr'><strong>id</strong></span> <span class='ocrx_word' id='word_1_27' title='bbox 1059 1115 1416 1201; x_wconf 76' lang='lat' dir='ltr'><strong>temporialycurgum</strong></span> <span class='ocrx_word' id='word_1_28' title='bbox 1443 1114 1532 1181; x_wconf 90' lang='lat' dir='ltr'><strong>diem</strong></span> 
     </span>
     <span class='ocr_line' id='line_1_5' title="bbox 392 1220 1532 1309; baseline -0.003 -19"><span class='ocrx_word' id='word_1_29' title='bbox 392 1223 513 1291; x_wconf 89' lang='lat' dir='ltr'><strong>dudum</strong></span> <span class='ocrx_word' id='word_1_30' title='bbox 526 1223 656 1303; x_wconf 88' lang='lat' dir='ltr'><strong>obiisse,</strong></span> <span class='ocrx_word' id='word_1_31' title='bbox 670 1223 881 1289; x_wconf 87' lang='lat' dir='ltr'><strong>certissimum</strong></span> <span class='ocrx_word' id='word_1_32' title='bbox 891 1234 949 1288; x_wconf 92' lang='lat' dir='ltr'><strong>est.</strong></span> <span class='ocrx_word' id='word_1_33' title='bbox 973 1221 1031 1288; x_wconf 78' lang='lat' dir='ltr'><strong>clf.</strong></span> <span class='ocrx_word' id='word_1_34' title='bbox 1041 1221 1181 1288; x_wconf 82' lang='lat' dir='ltr'><strong>Olinton.</strong></span> <span class='ocrx_word' id='word_1_35' title='bbox 1192 1243 1225 1305; x_wconf 88' lang='lat' dir='ltr'><strong>p.</strong></span> <span class='ocrx_word' id='word_1_36' title='bbox 1245 1222 1309 1285; x_wconf 79' lang='lat' dir='ltr'><strong>tta</strong></span> <span class='ocrx_word' id='word_1_37' title='bbox 1320 1242 1369 1308; x_wconf 89' lang='lat' dir='ltr'><strong>sq.</strong></span> <span class='ocrx_word' id='word_1_38' title='bbox 1381 1232 1416 1285; x_wconf 86' lang='lat' dir='ltr'><strong>et</strong></span> <span class='ocrx_word' id='word_1_39' title='bbox 1426 1220 1532 1309; x_wconf 70' lang='lat' dir='ltr'><strong>Drop-</strong></span> 
     </span>
    </p>
   </div>
   <div class='ocr_carea' id='block_1_3' title="bbox 293 1325 1532 1416">
    <p class='ocr_par' dir='ltr' id='par_1_3' title="bbox 293 1325 1532 1416">
     <span class='ocr_line' id='line_1_6' title="bbox 293 1325 1532 1416; baseline 0.002 -21"><span class='ocrx_word' id='word_1_40' title='bbox 293 1374 297 1383; x_wconf 89' lang='lat'><em>·</em></span> <span class='ocrx_word' id='word_1_41' title='bbox 391 1351 458 1396; x_wconf 84' lang='lat' dir='ltr'><strong>aon.</strong></span> <span class='ocrx_word' id='word_1_42' title='bbox 481 1326 598 1397; x_wconf 70' lang='lat' dir='ltr'><strong>Garuli.</strong></span> <span class='ocrx_word' id='word_1_43' title='bbox 623 1329 654 1395; x_wconf 84' lang='lat' dir='ltr'><strong>d.</strong></span> <span class='ocrx_word' id='word_1_44' title='bbox 678 1328 804 1416; x_wconf 80' lang='lat' dir='ltr'><strong>Naolrs.</strong></span> <span class='ocrx_word' id='word_1_45' title='bbox 833 1325 933 1395; x_wconf 81' lang='lat' dir='ltr'><strong>Alea.</strong></span> <span class='ocrx_word' id='word_1_46' title='bbox 950 1348 983 1415; x_wconf 95' lang='lat' dir='ltr'><strong>p.</strong></span> <span class='ocrx_word' id='word_1_47' title='bbox 1003 1329 1045 1393; x_wconf 83' lang='lat'><strong>87</strong></span> <span class='ocrx_word' id='word_1_48' title='bbox 1070 1349 1118 1415; x_wconf 90' lang='lat' dir='ltr'><strong>sq.</strong></span> <span class='ocrx_word' id='word_1_49' title='bbox 1153 1328 1360 1413; x_wconf 78' lang='lat' dir='ltr'><strong>Quapropter</strong></span> <span class='ocrx_word' id='word_1_50' title='bbox 1378 1339 1532 1415; x_wconf 86' lang='lat' dir='ltr'><strong>suspecta</strong></span> 
     </span>
    </p>
   </div>
   <div class='ocr_carea' id='block_1_4' title="bbox 388 1430 1532 1839">
    <p class='ocr_par' dir='ltr' id='par_1_4' title="bbox 388 1430 1532 1839">
     <span class='ocr_line' id='line_1_7' title="bbox 390 1430 1531 1520; baseline 0 -20"><span class='ocrx_word' id='word_1_51' title='bbox 390 1434 468 1501; x_wconf 92' lang='lat' dir='ltr'><strong>mihi</strong></span> <span class='ocrx_word' id='word_1_52' title='bbox 486 1446 534 1499; x_wconf 88' lang='lat' dir='ltr'><strong>est</strong></span> <span class='ocrx_word' id='word_1_53' title='bbox 551 1436 609 1500; x_wconf 90' lang='lat' dir='ltr'><strong>illa</strong></span> <span class='ocrx_word' id='word_1_54' title='bbox 630 1435 801 1501; x_wconf 89' lang='lat' dir='ltr'><strong>Oratorum</strong></span> <span class='ocrx_word' id='word_1_55' title='bbox 829 1435 989 1514; x_wconf 81' lang='lat' dir='ltr'><strong>recensio,</strong></span> <span class='ocrx_word' id='word_1_56' title='bbox 1013 1454 1110 1520; x_wconf 89' lang='lat' dir='ltr'><strong>quam</strong></span> <span class='ocrx_word' id='word_1_57' title='bbox 1128 1454 1270 1498; x_wconf 89' lang='lat' dir='ltr'><strong>summae</strong></span> <span class='ocrx_word' id='word_1_58' title='bbox 1286 1430 1406 1498; x_wconf 86' lang='lat' dir='ltr'><strong>Suidae</strong></span> <span class='ocrx_word' id='word_1_59' title='bbox 1427 1434 1531 1519; x_wconf 80' lang='lat' dir='ltr'><strong>ipsius</strong></span> 
     </span>
     <span class='ocr_line' id='line_1_8' title="bbox 389 1537 1532 1629; baseline -0.003 -22"><span class='ocrx_word' id='word_1_60' title='bbox 389 1542 604 1629; x_wconf 78' lang='lat' dir='ltr'><strong>negligentiae</strong></span> <span class='ocrx_word' id='word_1_61' title='bbox 623 1539 793 1621; x_wconf 89' lang='lat' dir='ltr'><strong>debemus,</strong></span> <span class='ocrx_word' id='word_1_62' title='bbox 813 1562 877 1628; x_wconf 90' lang='lat' dir='ltr'><strong>qua</strong></span> <span class='ocrx_word' id='word_1_63' title='bbox 895 1542 970 1607; x_wconf 90' lang='lat' dir='ltr'><strong>satis</strong></span> <span class='ocrx_word' id='word_1_64' title='bbox 991 1540 1102 1627; x_wconf 86' lang='lat' dir='ltr'><strong>inepte</strong></span> <span class='ocrx_word' id='word_1_65' title='bbox 1124 1560 1208 1625; x_wconf 90' lang='lat' dir='ltr'><strong>quae</strong></span> <span class='ocrx_word' id='word_1_66' title='bbox 1225 1537 1266 1603; x_wconf 92' lang='lat' dir='ltr'><strong>ad</strong></span> <span class='ocrx_word' id='word_1_67' title='bbox 1285 1560 1335 1603; x_wconf 89' lang='lat' dir='ltr'><strong>res</strong></span> <span class='ocrx_word' id='word_1_68' title='bbox 1354 1539 1532 1605; x_wconf 88' lang='lat' dir='ltr'><strong>Alexandri</strong></span> 
     </span>
     <span class='ocr_line' id='line_1_9' title="bbox 389 1642 1528 1735; baseline 0 -22"><span class='ocrx_word' id='word_1_69' title='bbox 389 1646 592 1735; x_wconf 80' lang='lat' dir='ltr'><strong>pertinebant</strong></span> <span class='ocrx_word' id='word_1_70' title='bbox 619 1668 770 1735; x_wconf 83' lang='lat' dir='ltr'><strong>quaeque</strong></span> <span class='ocrx_word' id='word_1_71' title='bbox 798 1646 838 1716; x_wconf 88' lang='lat' dir='ltr'><strong>ad</strong></span> <span class='ocrx_word' id='word_1_72' title='bbox 860 1647 1024 1733; x_wconf 83' lang='lat' dir='ltr'><strong>Antipatri</strong></span> <span class='ocrx_word' id='word_1_73' title='bbox 1050 1646 1084 1710; x_wconf 90' lang='lat' dir='ltr'><strong>in</strong></span> <span class='ocrx_word' id='word_1_74' title='bbox 1115 1666 1215 1710; x_wconf 89' lang='lat' dir='ltr'><strong>unum</strong></span> <span class='ocrx_word' id='word_1_75' title='bbox 1248 1645 1425 1730; x_wconf 82' lang='lat' dir='ltr'><strong>conjunxit.</strong></span> <span class='ocrx_word' id='word_1_76' title='bbox 1457 1642 1528 1713; x_wconf 82' lang='grc' dir='ltr'><strong><em>Καί</em></strong></span> 
     </span>
     <span class='ocr_line' id='line_1_10' title="bbox 388 1741 688 1839; baseline 0 -22"><span class='ocrx_word' id='word_1_77' title='bbox 388 1752 492 1819; x_wconf 80' lang='grc' dir='ltr'><strong><em>ταῦτα</em></strong></span> <span class='ocrx_word' id='word_1_78' title='bbox 505 1741 688 1839; x_wconf 74' lang='grc' dir='ltr'><strong><em>μίιταιίτῃ.</em></strong></span> 
     </span>
    </p>
   </div>
   <div class='ocr_carea' id='block_1_5' title="bbox 289 1992 1531 4187">
    <p class='ocr_par' dir='ltr' id='par_1_5' title="bbox 289 1992 1531 2817">
     <span class='ocr_line' id='line_1_11' title="bbox 333 1992 1529 2091; baseline 0 -20"><span class='ocrx_word' id='word_1_79' title='bbox 333 2030 336 2039; x_wconf 68' lang='grc'><em>’</em></span> <span class='ocrx_word' id='word_1_80' title='bbox 432 2002 597 2074; x_wconf 85' lang='lat' dir='ltr'><strong>Plutarch.</strong></span> <span class='ocrx_word' id='word_1_81' title='bbox 620 2003 660 2072; x_wconf 83' lang='lat' dir='ltr'><strong>da</strong></span> <span class='ocrx_word' id='word_1_82' title='bbox 682 2004 781 2072; x_wconf 78' lang='lat' dir='ltr'><strong>Alsa.</strong></span> <span class='ocrx_word' id='word_1_83' title='bbox 805 2029 832 2071; x_wconf 81' lang='lat' dir='ltr'><strong>e.</strong></span> <span class='ocrx_word' id='word_1_84' title='bbox 855 2006 939 2071; x_wconf 77' lang='lat' dir='ltr'><strong>virt.</strong></span> <span class='ocrx_word' id='word_1_85' title='bbox 952 2029 989 2070; x_wconf 69' lang='lat' dir='ltr'><strong>a.</strong></span> <span class='ocrx_word' id='word_1_86' title='bbox 1009 2002 1094 2091; x_wconf 76' lang='lat' dir='ltr'><strong>furt.</strong></span> <span class='ocrx_word' id='word_1_87' title='bbox 1110 2005 1138 2073; x_wconf 93' lang='lat' dir='ltr'><strong>l.</strong></span> <span class='ocrx_word' id='word_1_88' title='bbox 1153 2004 1188 2074; x_wconf 79' lang='lat'><strong>8.</strong></span> <span class='ocrx_word' id='word_1_89' title='bbox 1211 1996 1256 2072; x_wconf 75' lang='lat' dir='ltr'><strong>liv</strong></span> <span class='ocrx_word' id='word_1_90' title='bbox 1269 1992 1413 2091; x_wconf 68' lang='grc' dir='ltr'><strong><em>τοσαύτῃ</em></strong></span> <span class='ocrx_word' id='word_1_91' title='bbox 1428 2002 1529 2091; x_wconf 68' lang='lat' dir='ltr'><strong>ueta</strong></span> 
     </span>
     <span class='ocr_line' id='line_1_12' title="bbox 386 2081 1530 2199; baseline -0.001 -24"><span class='ocrx_word' id='word_1_92' title='bbox 386 2107 441 2177; x_wconf 82' lang='grc' dir='ltr'><strong><em>καί</em></strong></span> <span class='ocrx_word' id='word_1_93' title='bbox 463 2081 639 2199; x_wconf 73' lang='grc' dir='ltr'><strong><em>ίτροίγμασι</em></strong></span> <span class='ocrx_word' id='word_1_94' title='bbox 663 2102 809 2199; x_wconf 72' lang='grc' dir='ltr'><strong><em>ταραχὰς</em></strong></span> <span class='ocrx_word' id='word_1_95' title='bbox 830 2104 962 2195; x_wconf 76' lang='grc' dir='ltr'><strong><em>ἔχουσι,</em></strong></span> <span class='ocrx_word' id='word_1_96' title='bbox 985 2146 1026 2159; x_wconf 93' lang='lat'><em>-</em></span> <span class='ocrx_word' id='word_1_97' title='bbox 1049 2098 1234 2199; x_wconf 72' lang='grc' dir='ltr'><strong><em>ἐθάρρησεν</em></strong></span> <span class='ocrx_word' id='word_1_98' title='bbox 1253 2099 1286 2192; x_wconf 83' lang='grc' dir='ltr'><strong>(ὁ</strong></span> <span class='ocrx_word' id='word_1_99' title='bbox 1304 2104 1530 2195; x_wconf 56' lang='grc' dir='ltr'><strong><em>Ἀλέξανδρος)</em></strong></span> 
     </span>
     <span class='ocr_line' id='line_1_13' title="bbox 387 2201 1531 2303; baseline -0.005 -23"><span class='ocrx_word' id='word_1_100' title='bbox 387 2210 519 2281; x_wconf 76' lang='grc' dir='ltr'><strong><em>ἐλπίσαι</em></strong></span> <span class='ocrx_word' id='word_1_101' title='bbox 539 2211 718 2297; x_wconf 69' lang='grc' dir='ltr'><strong><em>Βαβυλῶνα</em></strong></span> <span class='ocrx_word' id='word_1_102' title='bbox 738 2210 793 2278; x_wconf 83' lang='grc' dir='ltr'><strong><em>καί</em></strong></span> <span class='ocrx_word' id='word_1_103' title='bbox 814 2211 940 2293; x_wconf 80' lang='grc' dir='ltr'><strong><em>Σοῦσα,</em></strong></span> <span class='ocrx_word' id='word_1_104' title='bbox 967 2209 1150 2294; x_wconf 74' lang='grc' dir='ltr'><strong><em>μᾶλλονδὲ</em></strong></span> <span class='ocrx_word' id='word_1_105' title='bbox 1168 2203 1225 2303; x_wconf 72' lang='grc' dir='ltr'><strong><em>τήν</em></strong></span> <span class='ocrx_word' id='word_1_106' title='bbox 1245 2202 1374 2277; x_wconf 79' lang='grc' dir='ltr'><strong><em>πάντων</em></strong></span> <span class='ocrx_word' id='word_1_107' title='bbox 1394 2201 1531 2299; x_wconf 69' lang='grc' dir='ltr'><strong><em>ανθρώ-</em></strong></span> 
     </span>
     <span class='ocr_line' id='line_1_14' title="bbox 387 2308 1530 2405; baseline -0.004 -21"><span class='ocrx_word' id='word_1_108' title='bbox 387 2338 460 2384; x_wconf 79' lang='grc' dir='ltr'><strong>πων</strong></span> <span class='ocrx_word' id='word_1_109' title='bbox 479 2308 580 2405; x_wconf 70' lang='grc' dir='ltr'><strong><em>ἀρχὴν</em></strong></span> <span class='ocrx_word' id='word_1_110' title='bbox 596 2313 645 2391; x_wconf 79' lang='grc' dir='ltr'><strong><em>τίς</em></strong></span> <span class='ocrx_word' id='word_1_111' title='bbox 662 2314 733 2382; x_wconf 78' lang='lat' dir='ltr'><strong>soria</strong></span> <span class='ocrx_word' id='word_1_112' title='bbox 744 2312 963 2399; x_wconf 62' lang='lat' dir='ltr'><strong>insultasse,</strong></span> <span class='ocrx_word' id='word_1_113' title='bbox 982 2316 1052 2389; x_wconf 87' lang='grc' dir='ltr'><strong><em>τοῖς</em></strong></span> <span class='ocrx_word' id='word_1_114' title='bbox 1065 2313 1270 2403; x_wconf 76' lang='grc' dir='ltr'><strong><em>τρισμυρίοις</em></strong></span> <span class='ocrx_word' id='word_1_115' title='bbox 1281 2314 1398 2381; x_wconf 73' lang='grc' dir='ltr'><strong><em>οἴεσθε</em></strong></span> <span class='ocrx_word' id='word_1_116' title='bbox 1408 2313 1530 2393; x_wconf 83' lang='grc' dir='ltr'><strong><em>πεζοῖς</em></strong></span> 
     </span>
     <span class='ocr_line' id='line_1_15' title="bbox 387 2404 1527 2508; baseline 0 -25"><span class='ocrx_word' id='word_1_117' title='bbox 387 2417 442 2487; x_wconf 73' lang='grc' dir='ltr'><strong><em>καί</em></strong></span> <span class='ocrx_word' id='word_1_118' title='bbox 466 2416 735 2508; x_wconf 68' lang='grc' dir='ltr'><strong><em>τετρακισχιλίοις</em></strong></span> <span class='ocrx_word' id='word_1_119' title='bbox 768 2414 909 2486; x_wconf 80' lang='grc' dir='ltr'><strong><em>ἱππεῦσι</em></strong></span> <span class='ocrx_word' id='word_1_120' title='bbox 934 2406 1123 2493; x_wconf 79' lang='grc' dir='ltr'><strong><em>πιστεύσας.</em></strong></span> <span class='ocrx_word' id='word_1_121' title='bbox 1159 2416 1318 2485; x_wconf 81' lang='grc' dir='ltr'><strong><em>Τοσοῦτοι</em></strong></span> <span class='ocrx_word' id='word_1_122' title='bbox 1344 2408 1405 2505; x_wconf 70' lang='grc' dir='ltr'><strong>γὰρ</strong></span> <span class='ocrx_word' id='word_1_123' title='bbox 1432 2404 1527 2506; x_wconf 78' lang='grc' dir='ltr'><strong><em>ἦσαν,</em></strong></span> 
     </span>
     <span class='ocr_line' id='line_1_16' title="bbox 289 2509 1529 2611; baseline -0.005 -20"><span class='ocrx_word' id='word_1_124' title='bbox 289 2578 293 2591; x_wconf 92' lang='grc'><strong>.</strong></span> <span class='ocrx_word' id='word_1_125' title='bbox 387 2511 435 2596; x_wconf 72' lang='grc' dir='ltr'><strong>οἷς</strong></span> <span class='ocrx_word' id='word_1_126' title='bbox 460 2509 763 2609; x_wconf 80' lang='grc' dir='ltr'><strong><em>Ἀριστόβουλός</em></strong></span> <span class='ocrx_word' id='word_1_127' title='bbox 792 2538 902 2611; x_wconf 69' lang='grc' dir='ltr'><strong><em>φησιν.</em></strong></span> <span class='ocrx_word' id='word_1_128' title='bbox 924 2558 967 2573; x_wconf 90' lang='grc'><strong>-</strong></span> <span class='ocrx_word' id='word_1_129' title='bbox 999 2521 1081 2590; x_wconf 85' lang='lat' dir='ltr'><strong>Vit.</strong></span> <span class='ocrx_word' id='word_1_130' title='bbox 1104 2520 1202 2589; x_wconf 74' lang='lat' dir='ltr'><strong>Aua.</strong></span> <span class='ocrx_word' id='word_1_131' title='bbox 1224 2521 1296 2591; x_wconf 79' lang='lat' dir='ltr'><strong>XV.</strong></span> <span class='ocrx_word' id='word_1_132' title='bbox 1319 2509 1467 2609; x_wconf 68' lang='grc' dir='ltr'><strong><em>Ἐφόδιον</em></strong></span> <span class='ocrx_word' id='word_1_133' title='bbox 1490 2516 1529 2586; x_wconf 79' lang='grc' dir='ltr'><strong>δὲ</strong></span> 
     </span>
     <span class='ocr_line' id='line_1_17' title="bbox 386 2611 1529 2715; baseline 0 -25"><span class='ocrx_word' id='word_1_134' title='bbox 386 2612 514 2699; x_wconf 76' lang='grc' dir='ltr'><strong><em>τούτοις</em></strong></span> <span class='ocrx_word' id='word_1_135' title='bbox 536 2616 577 2691; x_wconf 80' lang='lat' dir='ltr'><strong>od</strong></span> <span class='ocrx_word' id='word_1_136' title='bbox 598 2615 935 2715; x_wconf 66' lang='lat' dir='ltr'><strong>uldur‘ifldoapauvru</strong></span> <span class='ocrx_word' id='word_1_137' title='bbox 951 2621 1114 2694; x_wconf 77' lang='grc' dir='ltr'><strong><em>ταλάντων</em></strong></span> <span class='ocrx_word' id='word_1_138' title='bbox 1129 2622 1214 2713; x_wconf 77' lang='grc' dir='ltr'><strong><em>ἔχειν</em></strong></span> <span class='ocrx_word' id='word_1_139' title='bbox 1231 2616 1330 2692; x_wconf 78' lang='lat' dir='ltr'><strong>airis</strong></span> <span class='ocrx_word' id='word_1_140' title='bbox 1348 2611 1529 2713; x_wconf 83' lang='grc' dir='ltr'><strong><em>Ἀριστό-</em></strong></span> 
     </span>
     <span class='ocr_line' id='line_1_18' title="bbox 387 2725 753 2817; baseline 0 -24"><span class='ocrx_word' id='word_1_141' title='bbox 387 2727 539 2809; x_wconf 72' lang='grc' dir='ltr'><strong><em>βουλος</em></strong></span> <span class='ocrx_word' id='word_1_142' title='bbox 560 2725 694 2817; x_wconf 82' lang='grc' dir='ltr'><strong><em>ἱστορεῖ.</em></strong></span> <span class='ocrx_word' id='word_1_143' title='bbox 748 2770 753 2779; x_wconf 86' lang='lat'><strong>·</strong></span> 
     </span>
    </p>

    <p class='ocr_par' dir='ltr' id='par_1_6' title="bbox 384 2832 1527 4187">
     <span class='ocr_line' id='line_1_19' title="bbox 432 2832 1525 2923; baseline 0.002 -26"><span class='ocrx_word' id='word_1_144' title='bbox 432 2833 479 2897; x_wconf 79' lang='lat' dir='ltr'><strong>tte</strong></span> <span class='ocrx_word' id='word_1_145' title='bbox 488 2854 622 2898; x_wconf 88' lang='lat' dir='ltr'><strong>numero</strong></span> <span class='ocrx_word' id='word_1_146' title='bbox 632 2832 796 2920; x_wconf 88' lang='lat' dir='ltr'><strong>copiarum</strong></span> <span class='ocrx_word' id='word_1_147' title='bbox 805 2854 902 2921; x_wconf 89' lang='lat' dir='ltr'><strong>supra</strong></span> <span class='ocrx_word' id='word_1_148' title='bbox 914 2835 1049 2920; x_wconf 82' lang='lat' dir='ltr'><strong>exposui</strong></span> <span class='ocrx_word' id='word_1_149' title='bbox 1064 2858 1097 2923; x_wconf 95' lang='lat' dir='ltr'><strong>p.</strong></span> <span class='ocrx_word' id='word_1_150' title='bbox 1109 2838 1153 2903; x_wconf 83' lang='lat'><strong>26</strong></span> <span class='ocrx_word' id='word_1_151' title='bbox 1164 2855 1238 2923; x_wconf 89' lang='lat' dir='ltr'><strong>sqq.</strong></span> <span class='ocrx_word' id='word_1_152' title='bbox 1249 2832 1289 2900; x_wconf 90' lang='lat' dir='ltr'><strong>ad</strong></span> <span class='ocrx_word' id='word_1_153' title='bbox 1302 2832 1382 2900; x_wconf 91' lang='lat' dir='ltr'><strong>Ptol.</strong></span> <span class='ocrx_word' id='word_1_154' title='bbox 1389 2832 1525 2916; x_wconf 79' lang='lat' dir='ltr'><strong>Fragm.</strong></span> 
     </span>
     <span class='ocr_line' id='line_1_20' title="bbox 387 2934 1525 3031; baseline -0.003 -26"><span class='ocrx_word' id='word_1_155' title='bbox 387 2939 445 3007; x_wconf 85' lang='lat' dir='ltr'><strong>tv.</strong></span> <span class='ocrx_word' id='word_1_156' title='bbox 462 2938 547 3023; x_wconf 87' lang='lat' dir='ltr'><strong>Opes</strong></span> <span class='ocrx_word' id='word_1_157' title='bbox 558 2937 729 3004; x_wconf 78' lang='lat' dir='ltr'><strong>Alexandri</strong></span> <span class='ocrx_word' id='word_1_158' title='bbox 749 2940 859 3031; x_wconf 76' lang='lat' dir='ltr'><strong>liaris,</strong></span> <span class='ocrx_word' id='word_1_159' title='bbox 880 2939 913 3006; x_wconf 92' lang='lat' dir='ltr'><strong>id</strong></span> <span class='ocrx_word' id='word_1_160' title='bbox 936 2939 1025 3027; x_wconf 91' lang='lat' dir='ltr'><strong>quod</strong></span> <span class='ocrx_word' id='word_1_161' title='bbox 1042 2940 1194 3030; x_wconf 85' lang='lat' dir='ltr'><strong>deinceps</strong></span> <span class='ocrx_word' id='word_1_162' title='bbox 1208 2939 1295 3029; x_wconf 88' lang='lat' dir='ltr'><strong>apud</strong></span> <span class='ocrx_word' id='word_1_163' title='bbox 1311 2934 1525 3006; x_wconf 79' lang='lat' dir='ltr'><strong>Plutarchum</strong></span> 
     </span>
     <span class='ocr_line' id='line_1_21' title="bbox 387 3035 1525 3136; baseline 0 -29"><span class='ocrx_word' id='word_1_164' title='bbox 387 3044 546 3130; x_wconf 87' lang='lat' dir='ltr'><strong>sequitur,</strong></span> <span class='ocrx_word' id='word_1_165' title='bbox 572 3063 636 3107; x_wconf 92' lang='lat' dir='ltr'><strong>nun</strong></span> <span class='ocrx_word' id='word_1_166' title='bbox 669 3064 874 3128; x_wconf 87' lang='lat' dir='ltr'><strong>exsuperasse</strong></span> <span class='ocrx_word' id='word_1_167' title='bbox 898 3046 1025 3131; x_wconf 88' lang='lat' dir='ltr'><strong>scripsit</strong></span> <span class='ocrx_word' id='word_1_168' title='bbox 1053 3035 1223 3136; x_wconf 76' lang='grc' dir='ltr'><strong><em>τριάκοττα</em></strong></span> <span class='ocrx_word' id='word_1_169' title='bbox 1242 3036 1368 3134; x_wconf 76' lang='grc' dir='ltr'><strong><em>ἡμερῶν</em></strong></span> <span class='ocrx_word' id='word_1_170' title='bbox 1386 3040 1525 3129; x_wconf 74' lang='grc' dir='ltr'><strong><em>διατρο-</em></strong></span> 
     </span>
     <span class='ocr_line' id='line_1_22' title="bbox 388 3138 1524 3237; baseline -0.005 -23"><span class='ocrx_word' id='word_1_171' title='bbox 388 3138 467 3237; x_wconf 73' lang='grc' dir='ltr'><strong>φὴν,</strong></span> <span class='ocrx_word' id='word_1_172' title='bbox 491 3166 574 3235; x_wconf 87' lang='lat' dir='ltr'><strong>quae</strong></span> <span class='ocrx_word' id='word_1_173' title='bbox 597 3147 716 3213; x_wconf 89' lang='lat' dir='ltr'><strong>iterum</strong></span> <span class='ocrx_word' id='word_1_174' title='bbox 739 3170 776 3213; x_wconf 87' lang='lat' dir='ltr'><strong>ex</strong></span> <span class='ocrx_word' id='word_1_175' title='bbox 804 3150 990 3217; x_wconf 82' lang='lat' dir='ltr'><strong>Aristobulo</strong></span> <span class='ocrx_word' id='word_1_176' title='bbox 1015 3162 1047 3216; x_wconf 91' lang='lat' dir='ltr'><strong>et</strong></span> <span class='ocrx_word' id='word_1_177' title='bbox 1072 3150 1193 3217; x_wconf 87' lang='lat' dir='ltr'><strong>Doride</strong></span> <span class='ocrx_word' id='word_1_178' title='bbox 1214 3148 1376 3216; x_wconf 87' lang='lat' dir='ltr'><strong>connectit</strong></span> <span class='ocrx_word' id='word_1_179' title='bbox 1391 3146 1524 3211; x_wconf 88' lang='lat' dir='ltr'><strong>Plutar-</strong></span> 
     </span>
     <span class='ocr_line' id='line_1_23' title="bbox 388 3250 1519 3325; baseline -0.004 -6"><span class='ocrx_word' id='word_1_180' title='bbox 388 3252 468 3320; x_wconf 91' lang='lat' dir='ltr'><strong>ohus</strong></span> <span class='ocrx_word' id='word_1_181' title='bbox 485 3254 582 3321; x_wconf 85' lang='lat' dir='ltr'><strong>Orat.</strong></span> <span class='ocrx_word' id='word_1_182' title='bbox 597 3250 637 3318; x_wconf 83' lang='lat' dir='ltr'><strong>do</strong></span> <span class='ocrx_word' id='word_1_183' title='bbox 656 3250 755 3319; x_wconf 81' lang='lat' dir='ltr'><strong>Alea.</strong></span> <span class='ocrx_word' id='word_1_184' title='bbox 776 3257 802 3323; x_wconf 92' lang='lat' dir='ltr'><strong>I.</strong></span> <span class='ocrx_word' id='word_1_185' title='bbox 824 3256 849 3324; x_wconf 95' lang='lat' dir='ltr'><strong>l.</strong></span> <span class='ocrx_word' id='word_1_186' title='bbox 867 3258 889 3325; x_wconf 96' lang='lat' dir='ltr'><strong>l.</strong></span> <span class='ocrx_word' id='word_1_187' title='bbox 919 3256 982 3322; x_wconf 87' lang='lat' dir='ltr'><strong>Sed</strong></span> <span class='ocrx_word' id='word_1_188' title='bbox 1005 3257 1117 3324; x_wconf 86' lang='lat' dir='ltr'><strong>eudem</strong></span> <span class='ocrx_word' id='word_1_189' title='bbox 1139 3257 1265 3323; x_wconf 83' lang='lat' dir='ltr'><strong>rodiam</strong></span> <span class='ocrx_word' id='word_1_190' title='bbox 1283 3255 1382 3323; x_wconf 86' lang='lat' dir='ltr'><strong>Orat.</strong></span> <span class='ocrx_word' id='word_1_191' title='bbox 1394 3254 1435 3319; x_wconf 91' lang='lat' dir='ltr'><strong>ll.</strong></span> <span class='ocrx_word' id='word_1_192' title='bbox 1452 3254 1519 3316; x_wconf 84' lang='lat'><strong>11:</strong></span> 
     </span>
     <span class='ocr_line' id='line_1_24' title="bbox 386 3346 1526 3452; baseline -0.001 -25"><span class='ocrx_word' id='word_1_193' title='bbox 386 3355 567 3443; x_wconf 80' lang='grc' dir='ltr'><strong><em>Διέβαινεν,</em></strong></span> <span class='ocrx_word' id='word_1_194' title='bbox 589 3360 715 3448; x_wconf 90' lang='lat' dir='ltr'><strong>inquit,</strong></span> <span class='ocrx_word' id='word_1_195' title='bbox 737 3350 783 3434; x_wconf 78' lang='grc' dir='ltr'><strong>ὠς</strong></span> <span class='ocrx_word' id='word_1_196' title='bbox 803 3357 861 3445; x_wconf 79' lang='grc' dir='ltr'><strong>μὲν</strong></span> <span class='ocrx_word' id='word_1_197' title='bbox 879 3351 1052 3451; x_wconf 75' lang='grc' dir='ltr'><strong><em>Φύλαρχός</em></strong></span> <span class='ocrx_word' id='word_1_198' title='bbox 1072 3380 1187 3452; x_wconf 82' lang='grc' dir='ltr'><strong><em>φησιν,</em></strong></span> <span class='ocrx_word' id='word_1_199' title='bbox 1209 3351 1339 3449; x_wconf 76' lang='grc' dir='ltr'><strong><em>ἡμερῶν</em></strong></span> <span class='ocrx_word' id='word_1_200' title='bbox 1351 3346 1526 3448; x_wconf 56' lang='lat' dir='ltr'><strong>spamam</strong></span> 
     </span>
     <span class='ocr_line' id='line_1_25' title="bbox 386 3452 1526 3553; baseline -0.001 -25"><span class='ocrx_word' id='word_1_201' title='bbox 386 3456 470 3547; x_wconf 77' lang='grc' dir='ltr'><em>ἔχων</em></span> <span class='ocrx_word' id='word_1_202' title='bbox 479 3452 630 3553; x_wconf 77' lang='grc' dir='ltr'><strong><em>ἐφόδων·</em></strong></span> <span class='ocrx_word' id='word_1_203' title='bbox 641 3455 688 3540; x_wconf 86' lang='grc' dir='ltr'><strong>ὠς</strong></span> <span class='ocrx_word' id='word_1_204' title='bbox 701 3454 731 3530; x_wconf 81' lang='grc' dir='ltr'><strong>δ’</strong></span> <span class='ocrx_word' id='word_1_205' title='bbox 737 3454 999 3552; x_wconf 80' lang='grc' dir='ltr'><strong><em>Ἀριστόβουλος,</em></strong></span> <span class='ocrx_word' id='word_1_206' title='bbox 1014 3456 1233 3553; x_wconf 77' lang='grc' dir='ltr'><strong><em>ὲβδομήκοιτα</em></strong></span> <span class='ocrx_word' id='word_1_207' title='bbox 1241 3454 1389 3532; x_wconf 79' lang='grc' dir='ltr'><strong><em>τάλαντα.</em></strong></span> <span class='ocrx_word' id='word_1_208' title='bbox 1405 3464 1526 3548; x_wconf 88' lang='lat' dir='ltr'><strong>ltaque</strong></span> 
     </span>
     <span class='ocr_line' id='line_1_26' title="bbox 388 3567 1524 3655; baseline 0.004 -24"><span class='ocrx_word' id='word_1_209' title='bbox 388 3588 489 3654; x_wconf 91' lang='lat' dir='ltr'><strong>quum</strong></span> <span class='ocrx_word' id='word_1_210' title='bbox 514 3569 592 3635; x_wconf 90' lang='lat' dir='ltr'><strong>alibi</strong></span> <span class='ocrx_word' id='word_1_211' title='bbox 623 3568 814 3636; x_wconf 89' lang='lat' dir='ltr'><strong>Plutarchus</strong></span> <span class='ocrx_word' id='word_1_212' title='bbox 839 3569 953 3634; x_wconf 87' lang='lat' dir='ltr'><strong>Doridi</strong></span> <span class='ocrx_word' id='word_1_213' title='bbox 979 3570 1028 3635; x_wconf 89' lang='lat' dir='ltr'><strong>bis</strong></span> <span class='ocrx_word' id='word_1_214' title='bbox 1055 3570 1222 3649; x_wconf 85' lang='lat' dir='ltr'><strong>tribuerit,</strong></span> <span class='ocrx_word' id='word_1_215' title='bbox 1251 3590 1334 3655; x_wconf 91' lang='lat' dir='ltr'><strong>quae</strong></span> <span class='ocrx_word' id='word_1_216' title='bbox 1361 3567 1524 3635; x_wconf 87' lang='lat' dir='ltr'><strong>hocloco</strong></span> 
     </span>
     <span class='ocr_line' id='line_1_27' title="bbox 387 3672 1525 3761; baseline 0.002 -24"><span class='ocrx_word' id='word_1_217' title='bbox 387 3672 502 3737; x_wconf 87' lang='lat' dir='ltr'><strong>tribuit</strong></span> <span class='ocrx_word' id='word_1_218' title='bbox 527 3673 723 3761; x_wconf 80' lang='lat' dir='ltr'><strong>Phylarcho,</strong></span> <span class='ocrx_word' id='word_1_219' title='bbox 753 3674 928 3761; x_wconf 78' lang='lat' dir='ltr'><strong>Phylarehi</strong></span> <span class='ocrx_word' id='word_1_220' title='bbox 955 3687 1063 3740; x_wconf 87' lang='lat' dir='ltr'><strong>autem</strong></span> <span class='ocrx_word' id='word_1_221' title='bbox 1099 3676 1343 3741; x_wconf 78' lang='lat' dir='ltr'><strong>Historiarum</strong></span> <span class='ocrx_word' id='word_1_222' title='bbox 1374 3674 1456 3739; x_wconf 88' lang='lat' dir='ltr'><strong>ratio</strong></span> <span class='ocrx_word' id='word_1_223' title='bbox 1484 3696 1525 3740; x_wconf 86' lang='lat' dir='ltr'><strong>ca</strong></span> 
     </span>
     <span class='ocr_line' id='line_1_28' title="bbox 387 3778 1526 3861; baseline 0.004 -20"><span class='ocrx_word' id='word_1_224' title='bbox 387 3778 500 3857; x_wconf 88' lang='lat' dir='ltr'><strong>luerit,</strong></span> <span class='ocrx_word' id='word_1_225' title='bbox 525 3789 561 3844; x_wconf 89' lang='lat' dir='ltr'><strong>ut</strong></span> <span class='ocrx_word' id='word_1_226' title='bbox 588 3780 629 3845; x_wconf 91' lang='lat' dir='ltr'><strong>de</strong></span> <span class='ocrx_word' id='word_1_227' title='bbox 649 3782 744 3846; x_wconf 86' lang='lat' dir='ltr'><strong>rebus</strong></span> <span class='ocrx_word' id='word_1_228' title='bbox 760 3780 933 3848; x_wconf 76' lang='lat' dir='ltr'><strong>Alexandri</strong></span> <span class='ocrx_word' id='word_1_229' title='bbox 958 3804 1021 3847; x_wconf 93' lang='lat' dir='ltr'><strong>nun</strong></span> <span class='ocrx_word' id='word_1_230' title='bbox 1042 3782 1102 3847; x_wconf 91' lang='lat' dir='ltr'><strong>nisi</strong></span> <span class='ocrx_word' id='word_1_231' title='bbox 1121 3782 1225 3847; x_wconf 89' lang='lat' dir='ltr'><strong>obiter</strong></span> <span class='ocrx_word' id='word_1_232' title='bbox 1244 3791 1404 3861; x_wconf 89' lang='lat' dir='ltr'><strong>narraret,</strong></span> <span class='ocrx_word' id='word_1_233' title='bbox 1422 3778 1526 3846; x_wconf 84' lang='lat' dir='ltr'><strong>adeu-</strong></span> 
     </span>
     <span class='ocr_line' id='line_1_29' title="bbox 387 3870 1523 3973; baseline 0.002 -24"><span class='ocrx_word' id='word_1_234' title='bbox 387 3906 451 3971; x_wconf 94' lang='lat' dir='ltr'><strong>que</strong></span> <span class='ocrx_word' id='word_1_235' title='bbox 480 3884 598 3950; x_wconf 91' lang='lat' dir='ltr'><strong>mirum</strong></span> <span class='ocrx_word' id='word_1_236' title='bbox 628 3887 668 3951; x_wconf 89' lang='lat' dir='ltr'><strong>sit</strong></span> <span class='ocrx_word' id='word_1_237' title='bbox 698 3870 754 3953; x_wconf 90' lang='lat' dir='ltr'><strong>tali</strong></span> <span class='ocrx_word' id='word_1_238' title='bbox 785 3889 819 3952; x_wconf 91' lang='lat' dir='ltr'><strong>in</strong></span> <span class='ocrx_word' id='word_1_239' title='bbox 848 3908 882 3952; x_wconf 91' lang='lat' dir='ltr'><strong>re</strong></span> <span class='ocrx_word' id='word_1_240' title='bbox 910 3887 950 3952; x_wconf 91' lang='lat' dir='ltr'><strong>ad</strong></span> <span class='ocrx_word' id='word_1_241' title='bbox 978 3888 1045 3972; x_wconf 80' lang='lat' dir='ltr'><strong>ejus</strong></span> <span class='ocrx_word' id='word_1_242' title='bbox 1078 3888 1303 3953; x_wconf 88' lang='lat' dir='ltr'><strong>auctoritatem</strong></span> <span class='ocrx_word' id='word_1_243' title='bbox 1332 3890 1523 3973; x_wconf 82' lang='lat' dir='ltr'><strong>provocari,</strong></span> 
     </span>
     <span class='ocr_line' id='line_1_30' title="bbox 384 3989 1526 4089; baseline 0.004 -36"><span class='ocrx_word' id='word_1_244' title='bbox 384 3991 447 4074; x_wconf 82' lang='lat' dir='ltr'><strong>jam</strong></span> <span class='ocrx_word' id='word_1_245' title='bbox 470 3989 595 4075; x_wconf 91' lang='lat' dir='ltr'><strong>pridem</strong></span> <span class='ocrx_word' id='word_1_246' title='bbox 609 3990 699 4058; x_wconf 81' lang='lat' dir='ltr'><strong>mihi</strong></span> <span class='ocrx_word' id='word_1_247' title='bbox 728 3993 831 4058; x_wconf 84' lang='lat' dir='ltr'><strong>visum</strong></span> <span class='ocrx_word' id='word_1_248' title='bbox 862 4005 909 4061; x_wconf 86' lang='lat' dir='ltr'><strong>est</strong></span> <span class='ocrx_word' id='word_1_249' title='bbox 938 4006 971 4059; x_wconf 90' lang='lat' dir='ltr'><strong>ot</strong></span> <span class='ocrx_word' id='word_1_250' title='bbox 995 3996 1113 4059; x_wconf 79' lang='lat' dir='ltr'><strong>monui.</strong></span> <span class='ocrx_word' id='word_1_251' title='bbox 1133 3993 1173 4059; x_wconf 90' lang='lat' dir='ltr'><strong>ad</strong></span> <span class='ocrx_word' id='word_1_252' title='bbox 1194 3991 1305 4089; x_wconf 80' lang='lat' dir='ltr'><strong>llurid.</strong></span> <span class='ocrx_word' id='word_1_253' title='bbox 1325 3994 1451 4081; x_wconf 82' lang='lat' dir='ltr'><strong>Fragm.</strong></span> <span class='ocrx_word' id='word_1_254' title='bbox 1471 3992 1526 4058; x_wconf 83' lang='lat' dir='ltr'><strong>tx</strong></span> 
     </span>
     <span class='ocr_line' id='line_1_31' title="bbox 386 4098 1527 4187; baseline 0.002 -26"><span class='ocrx_word' id='word_1_255' title='bbox 386 4118 419 4183; x_wconf 94' lang='lat' dir='ltr'><strong>p.</strong></span> <span class='ocrx_word' id='word_1_256' title='bbox 448 4098 489 4161; x_wconf 81' lang='grc'><strong>77</strong></span> <span class='ocrx_word' id='word_1_257' title='bbox 518 4112 579 4183; x_wconf 71' lang='lat' dir='ltr'><strong>sq„</strong></span> <span class='ocrx_word' id='word_1_258' title='bbox 603 4109 761 4185; x_wconf 87' lang='lat' dir='ltr'><strong>postremo</strong></span> <span class='ocrx_word' id='word_1_259' title='bbox 788 4098 952 4165; x_wconf 91' lang='lat' dir='ltr'><strong>Plutarohi</strong></span> <span class='ocrx_word' id='word_1_260' title='bbox 984 4100 1076 4181; x_wconf 90' lang='lat' dir='ltr'><strong>loco,</strong></span> <span class='ocrx_word' id='word_1_261' title='bbox 1107 4100 1229 4187; x_wconf 89' lang='lat' dir='ltr'><strong>quippe</strong></span> <span class='ocrx_word' id='word_1_262' title='bbox 1260 4119 1357 4186; x_wconf 91' lang='lat' dir='ltr'><strong>qoem</strong></span> <span class='ocrx_word' id='word_1_263' title='bbox 1383 4098 1527 4165; x_wconf 77' lang='lat' dir='ltr'><strong>fefellis-</strong></span> 
     </span>
    </p>
   </div>
   <div class='ocr_carea' id='block_1_6' title="bbox 265 4204 1526 4294">
    <p class='ocr_par' dir='ltr' id='par_1_7' title="bbox 265 4204 1526 4294">
     <span class='ocr_line' id='line_1_32' title="bbox 265 4204 1526 4294; baseline 0.006 -30"><span class='ocrx_word' id='word_1_264' title='bbox 265 4232 269 4251; x_wconf 53' lang='grc' dir='ltr'><strong>ν</strong></span> <span class='ocrx_word' id='word_1_265' title='bbox 385 4214 433 4265; x_wconf 91' lang='lat' dir='ltr'><strong>set</strong></span> <span class='ocrx_word' id='word_1_266' title='bbox 460 4204 630 4285; x_wconf 89' lang='lat' dir='ltr'><strong>momoria,</strong></span> <span class='ocrx_word' id='word_1_267' title='bbox 652 4225 767 4271; x_wconf 90' lang='lat' dir='ltr'><strong>nomen</strong></span> <span class='ocrx_word' id='word_1_268' title='bbox 787 4204 917 4271; x_wconf 84' lang='lat' dir='ltr'><strong>Ouridis</strong></span> <span class='ocrx_word' id='word_1_269' title='bbox 945 4205 1166 4294; x_wconf 87' lang='lat' dir='ltr'><strong>reponendum</strong></span> <span class='ocrx_word' id='word_1_270' title='bbox 1187 4227 1265 4273; x_wconf 91' lang='lat' dir='ltr'><strong>esse.</strong></span> <span class='ocrx_word' id='word_1_271' title='bbox 1288 4206 1392 4272; x_wconf 87' lang='lat' dir='ltr'><strong>Aliter</strong></span> <span class='ocrx_word' id='word_1_272' title='bbox 1410 4218 1526 4271; x_wconf 81' lang='lat' dir='ltr'><strong>causet</strong></span> 
     </span>
    </p>
   </div>
   <div class='ocr_carea' id='block_1_7' title="bbox 383 4300 1527 4827">
    <p class='ocr_par' dir='ltr' id='par_1_8' title="bbox 383 4300 1527 4827">
     <span class='ocr_line' id='line_1_33' title="bbox 385 4300 1527 4401; baseline 0.013 -29"><span class='ocrx_word' id='word_1_273' title='bbox 385 4330 416 4377; x_wconf 82' lang='lat' dir='ltr'><strong>s.</strong></span> <span class='ocrx_word' id='word_1_274' title='bbox 433 4308 518 4377; x_wconf 85' lang='lat' dir='ltr'><strong>Gsnt</strong></span> <span class='ocrx_word' id='word_1_275' title='bbox 536 4308 656 4399; x_wconf 80' lang='lat' dir='ltr'><strong>Epist.</strong></span> <span class='ocrx_word' id='word_1_276' title='bbox 671 4314 749 4377; x_wconf 83' lang='lat' dir='ltr'><strong>urit.</strong></span> <span class='ocrx_word' id='word_1_277' title='bbox 766 4333 800 4398; x_wconf 96' lang='lat' dir='ltr'><strong>p.</strong></span> <span class='ocrx_word' id='word_1_278' title='bbox 822 4315 863 4392; x_wconf 87' lang='lat'><strong>7,</strong></span> <span class='ocrx_word' id='word_1_279' title='bbox 880 4312 1031 4380; x_wconf 87' lang='lat' dir='ltr'><strong>dubitans</strong></span> <span class='ocrx_word' id='word_1_280' title='bbox 1047 4336 1125 4379; x_wconf 90' lang='lat' dir='ltr'><strong>num</strong></span> <span class='ocrx_word' id='word_1_281' title='bbox 1141 4314 1181 4379; x_wconf 87' lang='lat' dir='ltr'><strong>in</strong></span> <span class='ocrx_word' id='word_1_282' title='bbox 1195 4310 1325 4381; x_wconf 80' lang='grc' dir='ltr'><strong><em>ιιοιιιίιιο</em></strong></span> <span class='ocrx_word' id='word_1_283' title='bbox 1346 4300 1527 4401; x_wconf 69' lang='grc' dir='ltr'><strong><em>Φύλαρχῠς</em></strong></span> 
     </span>
     <span class='ocr_line' id='line_1_34' title="bbox 383 4414 1526 4506; baseline 0.001 -26"><span class='ocrx_word' id='word_1_284' title='bbox 383 4416 482 4481; x_wconf 89' lang='lat' dir='ltr'><strong>lateat</strong></span> <span class='ocrx_word' id='word_1_285' title='bbox 501 4414 717 4505; x_wconf 85' lang='grc' dir='ltr'><strong><em>Κλείταρχος,</em></strong></span> <span class='ocrx_word' id='word_1_286' title='bbox 741 4439 838 4506; x_wconf 91' lang='lat' dir='ltr'><strong>quem</strong></span> <span class='ocrx_word' id='word_1_287' title='bbox 858 4419 991 4486; x_wconf 83' lang='lat' dir='ltr'><strong>sortasse</strong></span> <span class='ocrx_word' id='word_1_288' title='bbox 1011 4419 1107 4485; x_wconf 82' lang='lat' dir='ltr'><strong>lluris</strong></span> <span class='ocrx_word' id='word_1_289' title='bbox 1126 4419 1160 4484; x_wconf 89' lang='lat' dir='ltr'><strong>iu</strong></span> <span class='ocrx_word' id='word_1_290' title='bbox 1179 4417 1363 4485; x_wconf 88' lang='lat' dir='ltr'><strong>enarrandis</strong></span> <span class='ocrx_word' id='word_1_291' title='bbox 1378 4416 1526 4483; x_wconf 81' lang='lat' dir='ltr'><strong>Alexan-</strong></span> 
     </span>
     <span class='ocr_line' id='line_1_35' title="bbox 384 4519 1524 4613; baseline 0.007 -28"><span class='ocrx_word' id='word_1_292' title='bbox 384 4519 435 4585; x_wconf 90' lang='lat' dir='ltr'><strong>dri</strong></span> <span class='ocrx_word' id='word_1_293' title='bbox 453 4522 547 4587; x_wconf 84' lang='lat' dir='ltr'><strong>r&#39;ebus</strong></span> <span class='ocrx_word' id='word_1_294' title='bbox 567 4524 663 4611; x_wconf 82' lang='lat' dir='ltr'><strong>gestis</strong></span> <span class='ocrx_word' id='word_1_295' title='bbox 682 4522 736 4589; x_wconf 92' lang='lat' dir='ltr'><strong>hic</strong></span> <span class='ocrx_word' id='word_1_296' title='bbox 748 4525 817 4590; x_wconf 93' lang='lat' dir='ltr'><strong>illic</strong></span> <span class='ocrx_word' id='word_1_297' title='bbox 834 4525 933 4591; x_wconf 87' lang='lat' dir='ltr'><strong>luerit</strong></span> <span class='ocrx_word' id='word_1_298' title='bbox 950 4537 1094 4594; x_wconf 88' lang='lat' dir='ltr'><strong>secutus.</strong></span> <span class='ocrx_word' id='word_1_299' title='bbox 1117 4524 1218 4613; x_wconf 89' lang='lat' dir='ltr'><strong>Atqui</strong></span> <span class='ocrx_word' id='word_1_300' title='bbox 1237 4527 1283 4591; x_wconf 90' lang='lat' dir='ltr'><strong>ita</strong></span> <span class='ocrx_word' id='word_1_301' title='bbox 1298 4522 1524 4609; x_wconf 86' lang='lat' dir='ltr'><strong>conjecturam</strong></span> 
     </span>
     <span class='ocr_line' id='line_1_36' title="bbox 385 4622 1524 4719; baseline 0.002 -26"><span class='ocrx_word' id='word_1_302' title='bbox 385 4622 571 4711; x_wconf 80' lang='lat' dir='ltr'><strong>conjectura</strong></span> <span class='ocrx_word' id='word_1_303' title='bbox 603 4642 749 4711; x_wconf 88' lang='lat' dir='ltr'><strong>tuemur,</strong></span> <span class='ocrx_word' id='word_1_304' title='bbox 780 4632 940 4719; x_wconf 87' lang='lat' dir='ltr'><strong>siquidem</strong></span> <span class='ocrx_word' id='word_1_305' title='bbox 959 4630 1112 4702; x_wconf 81' lang='lat' dir='ltr'><strong>Paridem</strong></span> <span class='ocrx_word' id='word_1_306' title='bbox 1139 4633 1173 4696; x_wconf 91' lang='lat' dir='ltr'><strong>in</strong></span> <span class='ocrx_word' id='word_1_307' title='bbox 1200 4632 1343 4698; x_wconf 85' lang='lat' dir='ltr'><strong>lontibus</strong></span> <span class='ocrx_word' id='word_1_308' title='bbox 1367 4628 1524 4696; x_wconf 86' lang='lat' dir='ltr'><strong>habuisse</strong></span> 
     </span>
     <span class='ocr_line' id='line_1_37' title="bbox 383 4720 1518 4827; baseline 0.004 -26"><span class='ocrx_word' id='word_1_309' title='bbox 383 4731 581 4807; x_wconf 73' lang='lat' dir='ltr'><strong>Clitarchus]</strong></span> <span class='ocrx_word' id='word_1_310' title='bbox 597 4758 660 4821; x_wconf 91' lang='lat' dir='ltr'><strong>nun</strong></span> <span class='ocrx_word' id='word_1_311' title='bbox 679 4738 792 4825; x_wconf 87' lang='lat' dir='ltr'><strong>liquet.</strong></span> <span class='ocrx_word' id='word_1_312' title='bbox 818 4740 883 4806; x_wconf 90' lang='lat' dir='ltr'><strong>Nec</strong></span> <span class='ocrx_word' id='word_1_313' title='bbox 901 4739 980 4827; x_wconf 92' lang='lat' dir='ltr'><strong>quid</strong></span> <span class='ocrx_word' id='word_1_314' title='bbox 997 4738 1072 4807; x_wconf 90' lang='lat' dir='ltr'><strong>iude</strong></span> <span class='ocrx_word' id='word_1_315' title='bbox 1089 4727 1253 4807; x_wconf 87' lang='lat' dir='ltr'><strong>lucremur</strong></span> <span class='ocrx_word' id='word_1_316' title='bbox 1267 4720 1427 4825; x_wconf 78' lang='lat' dir='ltr'><strong>intelligo.</strong></span> <span class='ocrx_word' id='word_1_317' title='bbox 1451 4735 1518 4805; x_wconf 76' lang='lat' dir='ltr'><strong>(tli-</strong></span> 
     </span>
    </p>
   </div>
   <div class='ocr_carea' id='block_1_8' title="bbox 0 0 1814 5892">
    <p class='ocr_par' dir='ltr' id='par_1_9' title="bbox 0 0 1814 5892">
     <span class='ocr_line' id='line_1_38' title="bbox 0 0 1814 5892; baseline 0 2"><span class='ocrx_word' id='word_1_318' title='bbox 0 0 1814 5892; x_wconf 95' lang='lat' dir='ltr'><strong> </strong></span> 
     </span>
    </p>
   </div>
  </div>
 </body>
</html>
