3617 5892
933 709 975 771 116

390 880 502 951 eadem
518 891 656 969 uterque
670 879 890 967 exponebant,
911 866 1042 969 egregio
1063 900 1138 947 oum
1160 900 1314 949 consensu
1326 883 1523 971 plerumque

390 987 604 1074 exponebant.
628 986 738 1073 ltaque
756 986 802 1051 nil
820 988 955 1065 mirum,
974 988 1002 1051 si
1017 985 1067 1051 bis
1083 986 1229 1051 omnibus
1244 998 1350 1053 motus
1368 988 1526 1054 Arrianus

389 1094 515 1181 saepius
535 1093 665 1157 illorum
684 1094 873 1159 auctoritate
894 1095 1032 1159 aliorum
1049 1093 1243 1158 narrationes
1263 1104 1418 1179 tanquam
1438 1116 1526 1158 oom-

389 1212 496 1266 menta
515 1198 648 1285 explosit
659 1199 699 1283 ι).
724 1199 944 1266 Veruntamen
963 1199 1114 1279 haud-ita
1133 1197 1352 1285 praejudicata
1374 1200 1528 1284 opinione

305 1374 309 1381 ,
390 1308 561 1391 abreptum
580 1304 696 1383 luisse,
716 1315 753 1367 ut
773 1326 856 1391 quae
882 1305 1043 1371 duumviri
1069 1304 1118 1368 illi
1143 1303 1263 1389 scripto
1281 1303 1527 1385 mandaverant,

390 1412 494 1477 omnia
515 1432 574 1497 pro
594 1411 675 1473 aeris
696 1411 960 1495 amplecteretur,
981 1412 1032 1475 ael
1050 1407 1168 1475 exhor
1188 1409 1257 1493 ejus
1276 1411 1399 1475 monito
1416 1421 1527 1496 patet,

388 1519 608 1584 Ptolemaeum
635 1527 667 1580 et
695 1516 918 1583 Aristobulum
942 1519 1056 1583 ceteris
1074 1515 1246 1581 Alexandri
1274 1516 1442 1581 comitibus
1460 1517 1528 1601 ipsi

388 1624 571 1710 apparuisse
594 1615 808 1709 πιστοτέρους
829 1618 863 1695 ἐς
883 1614 943 1710 τήν
964 1611 1129 1710 ἀφήγησιν
1137 1618 1179 1707 3).
1218 1621 1311 1687 Unde
1334 1622 1431 1687 etiam
1453 1622 1526 1709 qui·

388 1732 450 1797 bus
469 1730 502 1793 in
523 1728 617 1792 rebus
637 1748 655 1791 a
675 1746 749 1789 vero
765 1726 929 1791 aberrasse
954 1725 1149 1808 viderentur,
1170 1727 1316 1812 pluribus
1337 1727 1417 1792 loeis
1436 1738 1526 1792 nota·

389 1814 486 1920 rittl.
518 1834 599 1901 Gum
627 1829 756 1899 delectu
775 1832 875 1919 igitur
891 1832 932 1896 'et
947 1830 1073 1915 judicio
1094 1833 1328 1897 commentariis
1348 1832 1526 1898 Aristobuli

388 1978 432 1997 -..
450 1961 524 2003 nam
551 1938 648 2003 huno*
669 1936 736 2022 jam
770 1939 867 2003 unioe
893 1958 1042 2003 curamus
1068 1973 1110 1987 -
1141 1938 1294 2003 Arrianus
1319 1960 1398 2004 usne
1427 1951 1474 2003 est
1484 1936 1525 2026 ⁴),

388 2043 661 2132 quemadmodum
687 2064 724 2109 ea
744 2045 812 2130 ipsa
840 2044 998 2131 vituperia
1025 2043 1116 2108 nobis
1143 2044 1231 2109 haud
1253 2045 1327 2108 leae
1346 2056 1422 2109 sunt
1442 2044 1524 2109 indi·
1580 2028 1583 2039 ¹

388 2152 491 2231 oium,
514 2150 608 2214 illum
627 2170 689 2214 non
710 2170 809 2216 ooeeo
827 2149 925 2235 plane
951 2149 1075 2230 studio,
1098 2150 1154 2215 sed
1175 2150 1330 2237 aequiore
1352 2162 1464 2215 mente
1482 2150 1524 2215 de

386 2255 565 2323 hristobnli
588 2254 652 2320 fide
667 2254 831 2339 judicium
854 2256 977 2323 tulisse.

434 2365 606 2450 Pergamus
624 2360 663 2425 ad
680 2361 880 2429 Strabonem.
911 2364 973 2427 IIie
993 2374 1152 2449 qnantum
1174 2362 1358 2428 Aristobulo
1380 2361 1525 2427 eredide-

390 2470 448 2549 rit‚
468 2480 576 2555 aperte
596 2466 727 2556 quidem
746 2490 905 2555 nusquam
925 2468 1088 2549 declarat3
1108 2468 1162 2533 sed
1181 2470 1273 2533 toties
1293 2478 1417 2549 tamen,
1437 2449 1527 2555 prae-

390 2575 499 2642 sertim
524 2574 558 2637 in
585 2584 743 2640 terrarum
771 2573 1009 2662 fluviorumque
1044 2574 1333 2660 descriptionibus,
1360 2574 1411 2638 sel
1433 2574 1528 2638 tacite

391 2700 465 2745 eum
481 2678 643 2767 sequitur,
659 2681 715 2743 -ael
739 2679 850 2745 laudnt
873 2676 1114 2766 nominatim),
1135 2691 1172 2744 ut
1192 2680 1266 2745 satis
1292 2680 1374 2743 bene
1393 2678 1434 2743 de
1457 2679 1528 2745 Ari-

389 2787 507 2851 stobuli
533 2784 597 2851 fide
623 2785 755 2851 sensisse
784 2785 942 2865 rideatur,
972 2786 1049 2850 lieet
1076 2787 1223 2849 universe
1250 2784 1421 2851 Alexandri
1447 2786 1529 2848 sori·

325 2932 332 2949 .
388 2904 495 2978 ptores
515 2892 615 2955 sermo
632 2912 757 2969 omnes,
775 2891 914 2976 primum
935 2889 1161 2970 llaimaehurn‚
1184 2902 1254 2957 tum
1272 2888 1527 2979 megasthenem,

389 3176 422 3225 de
444 3190 551 3233 numero
572 3176 721 3240 oratorum,
739 3190 804 3239 quos
817 3174 962 3230 Alexander
984 3175 1134 3241 expugnatis
1153 3176 1249 3227 Thebis
1271 3174 1305 3227 ab
1328 3174 1527 3229 Atheniensibus

388 3262 532 3328 poposcisse
553 3261 643 3325 fertur,
664 3277 713 3325 qua
731 3262 764 3310 de
787 3278 815 3313 re
839 3263 928 3311 monui
945 3262 978 3311 ad
998 3263 1093 3314 Darid.
1113 3263 1182 3313 nott.
1202 3280 1229 3329 p.
1246 3262 1280 3314 55
1299 3279 1356 3327 sqq.
1377 3266 1404 3313 et
1419 3260 1527 3310 monebo

388 3348 483 3399 iterum
503 3350 570 3399 inlra
591 3348 622 3396 ad
639 3348 738 3411 Fragm.
758 3348 792 3398 II.

422 3432 449 3500 1)
468 3436 504 3485 Gi.
522 3435 715 3511 disputwnostr.
733 3434 766 3483 de
783 3432 893 3485 Ptolem.
911 3451 937 3501 p.
955 3433 1006 3499 11,
1024 3431 1069 3485 14.
1115 3460 1119 3469 ·

348 3530 353 3537 '
421 3518 573 3585 1)1.1.1.

421 3604 448 3671 6)
466 3608 607 3657 Aristobuli
624 3607 701 3663 Iidem
719 3610 870 3673 aspernatur
887 3603 914 3655 in
932 3606 1057 3661 relations
1077 3603 1168 3671 proelii
1191 3603 1314 3659 adversus.
1327 3601 1387 3655 Pori
1400 3602 1486 3657 tilium
1498 3604 1528 3657 V.

389 3688 431 3741 14.
449 3692 474 3742 ὅ.
493 3692 554 3742 Vide
570 3698 655 3754 tamen
666 3698 753 3747 annot.
769 3693 800 3742 ad
814 3696 912 3755 Fragm.
924 3691 1024 3743 XXXII.
1042 3692 1162 3742 Neutrius
1169 3706 1230 3740 vero
1241 3682 1404 3740 traditionem
1413 3689 1530 3753 sequitur

387 3778 475 3841 iniis,
490 3793 556 3841 quae
573 3779 605 3828 de
623 3757 704 3828 morte
723 3779 883 3829 Callisthenis
901 3778 1038 3847 memoriae
1055 3778 1235 3843 prodiderant,
1252 3778 1296 3828 IV.
1315 3773 1357 3827 14.
1373 3774 1405 3839 3,
1417 3775 1530 3839 quamvis

386 3864 430 3915 bio
449 3864 567 3929 quidem,
585 3864 608 3913 si
624 3880 703 3929 pones
721 3880 768 3915 nos
783 3866 916 3915 arbitrium
927 3865 975 3928 sit,
992 3864 1025 3913 ds
1043 3864 1183 3913 Aristobuli
1202 3863 1254 3913 fide
1274 3878 1327 3911 non
1343 3862 1530 3926 dubItandnm,

387 3955 417 4000 ut
437 3953 510 4016 patet
526 3965 557 3999 ex
572 3954 659 4001 annot.
679 3951 711 4001 ad
726 3952 824 4015 Fragm.
846 3949 958 4003 XXVIII
975 3949 1012 3999 Gi.
1031 3949 1080 3999 III.
1098 3947 1124 3999 3.
1143 3948 1177 4013 5,
1194 3947 1221 3997 6.
1246 3949 1365 3998 Ceterum
1383 3948 1478 4013 quibus
1497 3946 1531 3995 de

386 4035 464 4086 rebus
487 4034 554 4085 inter
579 4035 756 4089 Aristobulum
777 4041 805 4086 et
831 4036 1006 4095 Ptolemaeum
1026 4052 1079 4085 non
1101 4033 1267 4098 convenerit,
1285 4034 1383 4084 indicat
1407 4034 1533 4087 Areum

276 4164 297 4188 „
388 4118 984 4187 naammsammums

426 4204 454 4274 4)
470 4207 571 4258 -Taoitao
593 4206 741 4256 imitationis
764 4208 870 4270 vestigia
893 4207 1004 4273 reperies
1026 4207 1073 4257 111.
1096 4204 1139 4257 19.
1162 4205 1180 4257 1
1200 4222 1248 4271 sq,
1268 4206 1313 4256 lv.
1328 4204 1353 4256 6.
1371 4204 1388 4255 5
1406 4204 1532 4270 sqq-,VI-

385 4292 482 4358 aua,
504 4292 546 4345 15.
566 4290 598 4358 4,
616 4294 673 4344 VII.
691 4292 733 4344 19.
752 4291 768 4342 6
786 4308 853 4360 sqq,
870 4292 915 4344 11.
932 4293 948 4344 1
967 4309 1023 4359 sqq.
1042 4293 1088 4344 cn.
1106 4293 1175 4343 diota
1190 4292 1224 4341 ad
1241 4293 1339 4357 Iragm.
1356 4290 1531 4357 mant.

391 4376 474 4443 11111,
492 4379 604 4443 XXXIV,
624 4378 662 4444 L,
683 4378 744 4431 l.lll.

415 4462 453 4529 ,5)
471 4466 569 4529 Viginti
588 4467 642 4516 iere
658 4467 799 4530 fragmenta
814 4463 955 4515 Aristobnli
964 4464 1032 4530 apud
1045 4465 1194 4516 Strabonem
1208 4465 1374 4522 offendimnsa
1391 4463 1437 4513 sed
1448 4462 1532 4512 multo

393 4548 467 4617 plura
489 4552 564 4601 etiam
584 4558 699 4620 exstare,
728 4568 793 4618 quae
818 4551 918 4601 sublato
941 4551 1054 4601 sartoris
1083 4554 1187 4603 nomino
1207 4568 1239 4603 ex
1257 4549 1399 4603 Aristobnli
1416 4548 1533 4598 Historiis

390 4636 436 4687 ille
450 4635 650 4707 deprompserit,
667 4640 736 4691 haud
753 4645 852 4691 temere
870 4638 1001 4702 oonjieere
1017 4636 1079 4688 mihi
1089 4637 1185 4689 videor.
1202 4636 1311 4707 Aliquot
1325 4637 1396 4687 loeos
1405 4635 1530 4689 indutu

297 4704 300 4711 ⁴
390 4723 476 4773 vises·
493 4723 524 4771 aa
538 4724 635 4787 arara.
650 4726 718 4791 xnr.
736 4726 816 4790 xvn.
834 4724 908 4789 xxa.
927 4723 1039 4791 xxvu,
1057 4724 1167 4790 xxxiv.
1185 4723 1287 4790 xxvn,
1305 4721 1369 4778 am.
