3617 5892
951 731 1010 794 164

425 899 541 982 ε’βίοισε
562 899 600 966 δὲ
616 891 738 987 ἡμέρας
755 898 926 988 τέσσαρας.
949 901 1108 966 Postrema
1129 921 1185 965 vor
1208 899 1290 964 haud
1309 899 1447 976 dubito,
1474 901 1551 984 quin

424 1029 441 1070 τ
462 997 540 1087 χοάς
561 1006 732 1070 manaverit
749 1005 788 1070 ad
806 996 929 1096 ἡμέρας
947 1019 1044 1093 atque
1063 1029 1100 1071 ar
1119 1007 1190 1070 loeo
1217 1005 1398 1083 Plutarchi,
1427 1007 1552 1089 pariter

377 1103 382 1114 ⁴
423 1111 588 1181 Charetem
604 1109 762 1175 laudantia
774 1101 991 1188 ,mutandum
1010 1113 1050 1176 sit
1065 1114 1099 1176 in
1115 1113 1212 1198 τρεῖς.
1243 1112 1308 1176 Nec
1330 1113 1409 1176 latet
1431 1132 1550 1196 quem-

423 1237 536 1302 quam,
562 1237 657 1303 quam
676 1215 771 1282 facila
791 1217 823 1279 in
845 1217 956 1282 iisdem
973 1218 1036 1282 illia
1059 1218 1161 1282 verbis
1182 1213 1301 1298 ἐβίωσε
1320 1237 1357 1280 ει
1379 1211 1550 1296 ἐπεβίωσε
1609 1289 1610 1318 3

424 1323 497 1386 oriri
523 1323 681 1407 potuerit,
708 1344 766 1407 pm
794 1344 859 1408 quo
887 1322 971 1408 apud
998 1323 1203 1388 Plutarchum
1227 1317 1364 1408 ἐπέζησε
1385 1322 1546 1405 scriptum
1609 1319 1610 1324 ’

423 1435 531 1492 aratat.
554 1427 608 1492 sie
626 1428 740 1506 etiam,
760 1441 795 1492 ut
815 1450 833 1490 ε
853 1429 961 1494 multia
978 1430 1127 1514 exemplis
1148 1429 1209 1494 hoc
1227 1451 1291 1494 uno
1310 1439 1401 1506 utar,
1428 1429 1547 1492 Demo·

423 1531 547 1598 atheum
565 1535 597 1596 iu
613 1528 711 1598 Orat.
728 1533 800 1598 οδυ.
815 1532 917 1619 Spuri.
935 1557 967 1621 p.
989 1537 1073 1602 1033
1084 1536 1133 1602 ed.
1146 1536 1275 1602 Reialr.:
1293 1531 1453 1614 ἐπιβιοῦ
1459 1553 1546 1602 ντες

421 1628 503 1717 μετά
520 1636 623 1702 ταῦτα
639 1630 922 1744 τοῦΙΠολυεάκτου
943 1637 1041 1705 πλέον
1059 1631 1081 1727 ἢ
1100 1631 1196 1706 πένθ’
1214 1629 1345 1726 ἡμέρας.

929 1849 1031 1914 XVll.

881 2021 899 2066 τ
921 2021 1033 2081 ururu
1055 2023 1080 2068 r.

463 2155 578 2223 Athen.
608 2159 668 2222 Xll
697 2181 729 2244 ρ.
760 2161 824 2224 538
852 2159 986 2226 Β-539
1011 2163 1047 2228 Δ.
1083 2149 1225 2248 Χάρης
1252 2159 1291 2226 ἐν
1316 2159 1364 2247 τῇ
1391 2149 1531 2243 δεκάτη

418 2259 492 2326 τοῖν
511 2261 605 2348 περί
627 2252 886 2351 Ἀλέξανδρον
902 2255 1112 2353 Ἰστοριῶν·
1139 2256 1236 2342 «Ὅτε,
1260 2261 1371 2350 φησίν,
1392 2255 1454 2329 εἷλε
1470 2266 1534 2328 Λα

419 2365 519 2450 ρεῖον,
545 2354 667 2448 γάμους
692 2363 894 2432 συνετέλεσεν
920 2365 1037 2434 ἑαυτοῦ
1061 2388 1097 2432 τε
1121 2366 1175 2431 καὶ
1199 2365 1264 2430 ταῖν
1289 2356 1394 2429 άλλων
1419 2362 1533 2454 φίλιον,

418 2454 597 2554 ε’νενηκοντα
621 2464 678 2532 καί
702 2458 760 2534 δίο
786 2458 957 2553 θαλάμους
982 2458 1301 2550 κατασκευασάμενος
1326 2465 1358 2532 ἐν
1382 2467 1430 2552 τῷ
1451 2459 1535 2550 αὐτῷ

417 2557 520 2653 τάπερ.
545 2556 603 2636 Ἦν
628 2561 810 2646 tiliolum
835 2564 1104 2653 ἑκατοντάκλινος,
1134 2569 1166 2636 ἐν
1193 2562 1221 2654 ᾦ
1246 2560 1363 2658 ἑκάστη
1391 2559 1427 2658 ἦν
1452 2568 1533 2654 κλίνη

417 2670 634 2762 κεκοσμημένη
659 2673 759 2763 στολῇ
782 2675 899 2763 γαμικῇ
927 2678 1028 2743 είκοσι
1053 2673 1140 2760 μναῖν
1165 2664 1312 2762 άργυρᾶ·
1339 2665 1360 2762 ἦ
1382 2672 1419 2739 δὲ
1440 2665 1534 2739 αὐτοῦ

417 2765 607 2863 χρυσόπους
632 2763 680 2863 ἦν.
712 2777 950 2866 Συμπαρέλαβε
975 2777 1013 2844 δὲ
1039 2775 1087 2854 είς
1112 2771 1151 2844 τά
1179 2767 1359 2860 συμπόσιον
1382 2775 1437 2842 καὶ
1462 2767 1534 2850 τούς

419 2874 593 2958 ἰδιοξένους
617 2872 778 2961 ἅπαντας,
805 2880 859 2946 καί
884 2879 1061 2948 κατέκλινεν
1086 2870 1354 2998 άντιπροσώπους
1373 2867 1479 2962 ίαντηῖ
1497 2902 1533 2943 τε

417 2978 471 3042 καί
490 2984 559 3055 τοῖς
579 2972 689 3056 ἄλλοις
709 2981 886 3072 νυμφίοις·
909 2973 964 3070 τήν
979 3006 1015 3048 τε
1031 2976 1147 3071 λοιπην
1162 2974 1299 3066 δύναμιν,
1314 2971 1413 3070 πεζήν
1427 3003 1462 3046 τε
1477 2980 1531 3046 καί

417 3103 571 3169 ναυτικην,
599 3081 653 3146 καί
672 3076 732 3158 τάς
751 3084 931 3172 πρεσβείας
950 3085 1004 3149 καί
1024 3107 1100 3158 τους
1120 3081 1459 3174 παρεπιδημοῦντας
1444 3107 1473 3150 εν
1492 3085 1531 3171 τῇ

417 3173 510 3269 αυλῇ.
537 3174 782 3250 Κατεσκεύαστο
800 3180 870 3250 δε
853 3208 871 3252 ο
890 3177 977 3260 οικος
992 3187 1178 3264 πολυτελεῖς
1195 3211 1249 3254 και
1239 3188 1525 3277 μεγαλοπρεπεῖς,

416 3282 557 3369 ἱματίοις
582 3284 698 3351 τεκαὶ
724 3277 870 3363 οθονίοις
895 3287 1159 3372 πολυτελέσιν,
1139 3285 1205 3357 υπδ
1228 3290 1264 3358 δὲ
1283 3293 1386 3358 ταῦτα
1405 3313 1525 3414 πορφυ-

416 3391 488 3475 ροῖς
507 3387 561 3455 καί
582 3393 742 3478 φοινικοῖς
762 3391 973 3482 χρυσουφέσι.
1004 3394 1070 3459 Τοῦ
1087 3391 1124 3460 δὲ
1140 3388 1302 3517 μένειν
1263 3419 1319 3483 την
1332 3415 1442 3520 σκηνην
1456 3384 1528 3458 ὑπέ-
1611 3449 1612 3478 f

415 3512 516 3557 κετντο
535 3488 685 3566 κίονες’
654 3483 879 3582 εικοσαπὴχεις
892 3494 1086 3585 περίχρυσοι
1100 3521 1153 3562 και
1144 3488 1315 3564 διάλιθοι
1331 3497 1385 3564 καὶ
1402 3487 1527 3585 περιάρ-

414 3614 517 3681 γυροι.
545 3597 671 3717 Περιεβ
670 3593 802 3684 έβληνιο
828 3590 895 3662 δΗ
878 3621 910 3663 εν
934 3622 1015 3682 τῳ
1006 3591 1172 3687 περιβόλῳ
1196 3600 1385 3676 πολυτελεῖς
1410 3591 1527 3666 αὐλαῖαι

415 3694 542 3774 ζωωτοί
568 3696 622 3762 καί
648 3688 831 3787 διάχρυσοι,
860 3692 993 3776 κανόνας
1014 3696 1146 3785 ἔχουσαι
1166 3693 1384 3821 περιχρύσους
1403 3703 1456 3768 καί
1476 3726 1528 3768 πε
1603 3753 1607 3764 .

415 3787 620 3885 ριοιργάρους.
651 3800 716 3889 Τῆς
735 3799 773 3866 δέ
794 3792 933 3890 ου’λῆς
910 3827 950 3887 ην
963 3827 1001 3870 το
1017 3803 1212 3924 περίμετρον
1226 3796 1354 3872 στάδιοι
1369 3804 1526 3896 τέσσαρες.

411 3891 602 3985 Ἐγίνετοδέ
621 3893 663 3966 τά
683 3903 798 3969 δεῖπνα
818 3898 904 3993 πρὸς
928 3897 1104 3994 σάλπιγγα,
1125 3899 1199 3974 τότε
1213 3933 1270 3992 μεν
1285 3906 1318 3975 ἐν
1331 3901 1522 3996 τοῖςγάμοις,

413 4000 467 4066 καί
479 3993 584 4079 αλίκνς
598 3994 628 4069 δ
642 3997 745 4084 άεί,”
724 4027 775 4071 οτι
788 3998 880 4091 τύχοι
896 4000 1260 4094 σπονδοποιοάμενος,
1240 4005 1326 4077 ω’στε
1336 4012 1402 4078 πάν
1417 4010 1522 4078 εἰδέναι

413 4127 451 4170 το
441 4096 695 4192 στρατόπεδον.
716 4100 783 4174 Ἐπί
797 4108 893 4176 πέντε
910 4102 983 4176 δὲ
964 4109 1086 4200 ημέρας
1101 4111 1409 4202 ἐπετελέσθησαν
1377 4138 1409 4182 οι
1426 4105 1520 4201 γάμοι,

411 4206 466 4274 καὶ
495 4200 739 4334 ελειτοάργησαν
765 4203 850 4278 πάνυ
876 4213 994 4280 πολλοί
1020 4214 1073 4279 καὶ
1097 4207 1272 4340 βαρβάρων
1295 4217 1349 4282 καί
1377 4210 1522 4306 Ἑλλνμων,

413 4310 524 4396 καί
493 4335 526 4378 οι
545 4304 613 4379 άπδ
637 4336 696 4403 της
716 4306 848 4403 Ἰνδικῆς.
877 4319 1121 4402 Θαυματοποιοί
1142 4309 1219 4386 δε
1199 4341 1279 4408 ησαν
1300 4322 1508 4411 διαπρέπων
1497 4344 1525 4396 ς

414 4404 554 4497 Στάμνος
579 4421 786 4506 Ταραντῖνος,
816 4417 870 4484 καὶ
889 4420 1080 4540 Φιλιστίδης
1102 4415 1311 4512 Συρακόσιος,
1334 4416 1525 4514 Ἡράκλειτός

412 4534 449 4576 τε
470 4539 489 4580 ο
480 4507 744 4606 “Μιτιληναῖος,
766 4513 845 4606 μεθ’
865 4517 923 4598 οὓς
929 4521 1130 4604 ἐπεδείξατο
1148 4521 1307 4615 ῥαψῳδός
1321 4519 1449 4608 ’Ἀλεξις
1468 4537 1524 4594 Τα-

414 4622 566 4703 ραντῖνος.
595 4622 775 4711 Παρῆλίον
795 4624 907 4691 δὲκαὶ
927 4627 1211 4715 ψιλοκιθαρισταὶ,
1232 4634 1390 4720 Κρατῖνος
1408 4635 1524 4718 Μηθυ-

412 4721 540 4801 μναῖος,
552 4714 795 4810 Ἀριστώνυμος
812 4720 999 4842 Ἀθηναιος,
1024 4723 1255 4820 Ἀθηνόδωρος
1281 4725 1398 4820 lilim
1421 4733 1522 4802 &aaa
