3617 5892
828 690 960 789 59.

276 894 486 980 νομαχοῦντα,
506 892 561 959 καὶ
581 872 757 983 ἐλέφαντος
777 893 823 961 ἑοὶ
843 888 978 980 ἀκοντίῳ
1004 887 1202 983 φονεύοντα»
1217 897 1256 986 1);
1282 900 1409 981 Fateor,

278 1002 319 1067 ad
342 1000 582 1067 commentarios
612 1022 778 1087 nunquam
805 1001 905 1067 editos
933 1012 1056 1087 spectat
1078 1001 1131 1066 hie
1153 1004 1284 1069 Luciani
1301 1007 1407 1085 locus,

277 1108 494 1196 usqueadeo,
517 1109 542 1171 si
570 1109 654 1172 solus
683 1118 794 1186 staret,
819 1120 865 1172 sat
886 1108 1012 1173 firmum
1040 1108 1123 1172 toret
1150 1110 1409 1192 fundamentum,

279 1216 333 1280 cui
357 1204 541 1279 sententiam
571 1226 711 1278 nostram
742 1212 781 1277 de
810 1214 994 1279 Aristobulo
1020 1227 1329 1299 superstrueremus;
1355 1218 1409 1283 sed

272 1321 378 1404 juncti
396 1321 533 1386 aliorum
554 1320 760 1397 testimoniis,
779 1320 835 1409 qni
856 1320 895 1384 de
918 1321 1062 1384 Historiis
1080 1320 1273 1402 Aristobuli,
1299 1327 1410 1411 quales

275 1438 400 1512 postero
418 1438 560 1513 tempore
573 1428 710 1512 scriptae
722 1426 926 1511 prodierunt,
945 1428 1132 1491 sententiam
1145 1430 1410 1511 pronuntiarunt,

236 1562 238 1565 ·
275 1531 361 1597 haud
379 1533 457 1598 leris
469 1532 538 1617 ejus
556 1546 603 1597 est
620 1533 802 1599 auctoritas.
827 1532 926 1597 Testis
948 1554 1034 1597 nunc
1051 1533 1184 1619 prodeat
1203 1534 1410 1615 Plutarchus,

311 1800 339 1865 1)
359 1804 445 1861 Quom.
465 1804 526 1852 trist.
546 1818 642 1854 censer.
661 1806 699 1852 eit
715 1802 769 1854 ΧΠ.
795 1804 1006 1866 Sanctocrucius,
1025 1810 1124 1853 certum
1149 1821 1205 1855 esse
1229 1809 1315 1869 retus,
1341 1806 1411 1857 huno

275 1886 362 1936 locum
382 1890 491 1951 graviter
510 1904 623 1953 pugnare
648 1906 706 1937 oum
725 1889 875 1939 testimoniis
893 1890 1010 1951 Arriani,
1029 1890 1060 1938 de
1078 1892 1209 1939 nominum
1224 1892 1410 1956 permutatione

216 1996 219 2002 ·
276 1974 416 2035 cogitetum
441 1976 502 2035 ivit,
527 1990 624 2041 proque
646 1974 789 2027 Aristobuli
818 1978 963 2025 onesicriti
988 1992 1081 2025 nomen
1100 1977 1286 2026 restituendum
1304 1971 1413 2031 censuit.

273 2060 413 2111 commovit
427 2058 501 2111 illum
516 2062 566 2111 elia
581 2062 705 2125 quaedem
720 2062 824 2112 luciani
841 2063 967 2125 narratio,
980 2063 1008 2111 in
1026 2062 1115 2111 eodem
1132 2063 1221 2114 libello
1236 2080 1260 2113 c.
1270 2064 1313 2115 XL
1324 2064 1413 2125 ebria,

273 2173 350 2222 quam
375 2162 405 2207 ut
425 2159 514 2209 itidem
534 2176 689 2226 apponamus
715 2151 755 2210 res
779 2160 899 2225 postulet.
930 2141 1131 2231 Ἀλεξάνδρου
1154 2147 1204 2210 καὶ
1222 2147 1312 2211 τοῦτο
1338 2145 1414 2213 olno-

272 2243 517 2332 μνημονεύοοσιν,
544 2244 593 2326 ὅς·
613 2246 728 2327 Ἡδέως
746 2247 792 2328 dv,
810 2248 885 2336 ἔφη,
903 2247 982 2335 προς
1000 2246 1100 2333 ὀλίγον
1118 2248 1264 2332 etapium,
1283 2244 1310 2314 ai
1327 2242 1414 2335 Ὠνη-

272 2348 397 2434 οίκριτε,
418 2344 593 2429 duoravdv,
621 2348 662 2428 ὠς
687 2348 835 2435 μάθοιμι,
863 2347 947 2430 ὅπως
973 2355 1070 2417 τοῦτο
1097 2352 1128 2417 οἱ
1156 2348 1316 2438 ἄνθρωποι
1343 2350 1414 2418 τότε

270 2442 531 2534 ἀναγινώσκουσιν.
551 2454 589 2517 Εἰ
609 2454 644 2519 δὲ
663 2456 716 2518 νῦν
735 2452 815 2519 αὐτοὶ
834 2454 983 2522 ἐπαινοῦσι
997 2456 1047 2520 καὶ
1061 2452 1259 2534 ἀσπάζονται,
1270 2454 1316 2541 μή
1332 2440 1421 2522 θον-ο

271 2548 395 2642 μάθῃς·
415 2552 525 2619 οἴονται
539 2551 596 2641 γάρ
616 2554 653 2620 ου’
671 2552 780 2640 μικρόν
794 2582 823 2621 τι
849 2571 895 2637 (sic
913 2586 944 2621 ex
957 2588 1009 2621 uno
1024 2572 1081 2623 cod.
1099 2572 1150 2637 leg.
1170 2590 1216 2638 pro
1234 2561 1333 2647 μικρῷ
1348 2564 1415 2640 τινι)

270 2658 319 2743 τῷ
345 2654 460 2721 δελέατι
492 2654 588 2747 τούτῳ
624 2654 804 2725 dueentem
836 2658 958 2737 ἕκαστος
984 2659 1041 2745 τήν
1075 2662 1144 2743 παρ’
1176 2660 1265 2747 ἡμῶν
1293 2658 1415 2727 εὔνοιαν.

269 2761 354 2825 Atqui
373 2764 431 2813 ride
454 2780 530 2831 quam
547 2767 612 2815 male
633 2768 756 2832 procedat
775 2768 924 2831 conjecturs
944 2769 1126 2829 sanctocrucii.
1154 2770 1293 2818 lucianum
1312 2768 1415 2817 enimsi

270 2848 390 2913 ponimus
409 2851 547 2917 utrobique
568 2854 684 2902 locutum
708 2869 762 2902 esse
783 2854 813 2902 de
834 2856 994 2919 Onesicrito,
1014 2856 1105 2903 mirum
1124 2856 1227 2903 omnino
1243 2856 1290 2918 sit,
1304 2855 1372 2919 quod
1387 2854 1415 2903 in

270 2934 361 2984 eodem
381 2951 458 3000 opere
476 2937 508 2985 de
526 2938 614 2987 eodem
633 2939 757 3003 scriptore
775 2938 864 2989 similia
881 2941 979 2989 tradere
994 2941 1101 2989 dirersis
1114 2940 1177 2989 lucis
1192 2941 1326 3003 maluerit,
1339 2956 1414 3003 quarn

270 3026 423 3083 argumento
439 3024 579 3073 arctissime
595 3025 736 3089 conjuncta
756 3026 878 3092 deinceps
894 3044 1006 3076 narrare.
1033 3026 1112 3079 Porro
1129 3028 1286 3077 Onesicritus
1301 3026 1341 3074 lris
1357 3042 1415 3075 sues

270 3108 393 3159 Historias
411 3109 555 3162 Alexandro
573 3111 720 3161 recitaverit
736 3127 841 3161 necesse
856 3118 912 3177 est,
927 3118 955 3163 et
966 3114 1003 3162 ite
1018 3114 1123 3177 quidem
1139 3119 1184 3177 ot,
1202 3129 1283 3177 quum
1298 3113 1413 3176 legeren-

270 3194 460 3257 turgprimum,
478 3192 530 3240 Rex
553 3192 710 3241 adulatorem
734 3196 840 3243 comiter
862 3196 1062 3259 perstringeret,
1087 3212 1167 3261 quum
1189 3196 1315 3258 alterum,
1342 3199 1413 3245 tenta

271 3281 451 3328 effervesceret
474 3276 526 3341 ira,
545 3283 575 3326 ut
593 3282 723 3343 surreptor
740 3281 935 3329 commentarios
954 3280 981 3329 in
998 3297 1098 3330 amnem
1116 3282 1263 3347 projiceret.
1288 3282 1412 3329 Neutrum

270 3363 362 3414 horum
377 3366 470 3415 rationi
484 3369 684 3414 consentaneum
695 3366 848 3429 putaverim,
865 3381 914 3415 nec
931 3367 1083 3427 tangendam
1101 3382 1155 3417 csse
1174 3367 1327 3430 lectionem,
1347 3382 1412 3429 quae

272 3448 374 3502 Arriani
392 3451 492 3516 judicio
509 3451 584 3502 lecile
602 3451 769 3516 conciliatur,
788 3452 896 3501 aliorum
915 3451 1063 3505 testimoniis
1082 3452 1114 3501 de
1132 3452 1245 3501 dictione
1263 3451 1411 3505 Aristohnli

270 3537 334 3585 satis
343 3538 514 3588 confirmatur.
528 3537 641 3600 Scilicet,
650 3537 719 3601 quod
727 3538 802 3602 plane
811 3538 907 3599 fugisse
918 3538 1128 3590 Sanetoerucium
1137 3543 1290 3601 ceterosque
1301 3536 1411 3600 ridetur,

269 3622 314 3686 qui
328 3622 387 3687 ejus
404 3624 578 3687 conjecturem
597 3629 657 3673 sunt
672 3624 794 3691 amplexi,
809 3623 1020 3675 Heerenumdieo
1035 3623 1067 3672 de
1083 3624 1157 3675 forstt.
1171 3623 1242 3673 etot.
1257 3640 1283 3689 p.
1292 3622 1336 3686 64,
1348 3624 1413 3673 ller-

269 3724 357 3760 menn.
382 3710 414 3759 ad
438 3712 540 3761 lucian.
566 3711 585 3760 l.
604 3710 628 3782 l.
655 3728 679 3775 p.
698 3711 747 3775 88,
765 3712 901 3761 Westerm.
920 3710 953 3760 ad
970 3711 1041 3760 Voss.
1061 3711 1096 3762 Π.
1119 3711 1150 3759 G.
1168 3727 1193 3775 p.
1211 3708 1290 3760 8911.
1309 3709 1360 3775 10,
1379 3710 1410 3761 de

269 3795 386 3844 historiis
403 3796 477 3845 editis
494 3798 646 3847 sententiam
665 3798 840 3864 pronuntiavit
863 3796 1001 3860 Arrianus,
1019 3797 1052 3847 de
1078 3811 1153 3862 opere
1169 3798 1196 3846 in
1211 3798 1311 3847 scriniis
1324 3797 1410 3849 adhuc

269 3886 370 3932 serrato
393 3882 496 3931 hucmui
519 3887 558 3933 est
578 3885 698 3935 narratio.
723 3884 811 3935 Priore
834 3885 1020 3951 scriptione-in
1043 3884 1183 3951 Hydaspem
1208 3886 1339 3951 projecta,
1359 3899 1411 3933 non

268 3967 523 4043 interiithristolsulo
537 3970 650 4034 amplus,
667 3986 744 4035 quem
760 3986 921 4033 magnacum
939 3971 988 4020 sihi
999 3970 1154 4034 collegerat,
1173 3986 1259 4019 rerum
1269 3968 1411 4049 Alexapdri

269 4058 418 4121 apparatus;
439 4054 482 4104 sed
494 4060 521 4102 ut
531 4056 593 4106 laeta
609 4057 684 4105 dictis
698 4056 839 4119 magnificis
855 4058 1025 4121 exaggerans,
1042 4075 1089 4123 pro
1107 4058 1201 4122 gratie,
1218 4059 1280 4106 iram
1295 4056 1370 4117 Regis
1384 4055 1411 4103 in
1445 4069 1451 4080 ·

270 4156 295 4189 se
319 4140 493 4204 excitaverat,
515 4142 550 4191 ita
566 4158 608 4217 spe
628 4144 763 4192 frustratus
780 4144 915 4193 consilium
935 4145 1027 4195 edendi
1054 4144 1184 4194 historiam
1201 4142 1338 4195 Alexandri
1355 4141 1411 4206 pri-

269 4242 340 4277 murn
358 4228 461 4293 quidem
488 4229 601 4292 misisse,
622 4234 691 4279 certe
711 4230 840 4281 distulisse
858 4232 971 4295 videtur,
996 4232 1080 4282 donec
1097 4232 1199 4280 tandem
1216 4235 1327 4279 extrema
1340 4242 1412 4277 sene·

271 4319 343 4365 ctnte
365 4318 422 4379 post
439 4314 546 4365 aliorum
562 4317 769 4380 commentarios,
788 4334 876 4382 parum
894 4320 999 4369 tortasse
1016 4319 1064 4383 ipsi
1077 4319 1208 4383 probatos,
1223 4317 1314 4365 iterato
1327 4315 1411 4364 studio

271 4400 302 4449 ed
317 4400 483 4458 scribendum
502 4417 529 4449 se
546 4403 701 4465 accingeret.
728 4402 815 4469 Atque
832 4404 880 4457 lrac
896 4405 977 4455 altera
996 4404 1135 4469 scriptione
1156 4404 1177 4451 si
1192 4402 1269 4451 etiam
1285 4402 1349 4451 adeo
1362 4402 1410 4453 sihi

271 4488 422 4553 temperarit
436 4486 617 4552 Aristobulus,
637 4495 666 4539 ut
680 4507 740 4555 pree
754 4492 846 4541 ceteris
861 4491 998 4543 Alexandri
1009 4489 1175 4556 scriptoribus
1182 4488 1285 4541 Arriani
1294 4488 1409 4553 plausum

272 4578 300 4623 et
323 4569 452 4623 lerret'et
476 4576 541 4625 terre
569 4581 726 4635 mereretur;
753 4596 804 4629 uon
831 4580 865 4629 ite
891 4584 975 4629 tamen
1001 4582 1075 4627 retus
1099 4575 1164 4624 illud
1181 4575 1293 4626 studium
1311 4576 1408 4640 posuit,

272 4659 338 4723 quin
362 4648 446 4723 alique
472 4662 560 4711 saltem
589 4663 741 4714 adulationis
761 4671 788 4715 et
810 4654 1010 4729 exaggerationis
1035 4663 1141 4725 vestigia
1159 4664 1187 4713 in
1209 4663 1265 4727 ejus
1293 4663 1408 4715 llistoriis

273 4746 451 4806 remanserint;
471 4747 497 4795 id
514 4750 584 4815 quod
603 4750 666 4798 locis
680 4750 815 4811 ,Plutarchi
834 4758 859 4801 et
880 4754 1010 4803 rhetorum
1028 4750 1113 4801 statim
1134 4744 1304 4817 probabimus.
