3617 5892
919 685 980 748 158

350 908 354 923 ·
388 883 500 944 trum,
517 868 550 928 in
568 863 715 950 Epistolis
731 861 855 926 solenni
868 859 924 925 illa
943 859 1078 924 lormuls
1098 861 1155 924 τοῦ
1170 857 1306 946 Χαίρειν
1319 858 1423 923 luerit
1436 860 1517 924 allo-

387 983 522 1039 cutus.»
557 968 758 1038 Vocabulum
784 955 880 1046 piros
903 985 966 1029 non
987 963 1152 1043 absolute,
1184 975 1220 1028 ut
1242 963 1350 1047 ajunt,
1375 967 1517 1051 positum

387 1092 447 1148 est.
480 1075 581 1145 Solos
598 1074 740 1140 Phocion
756 1079 912 1158 perpetua
928 1068 1097 1136 Alexandri
1115 1070 1312 1136 observantia
1335 1069 1515 1158 gaudebat,

267 1197 272 1206 ’
387 1182 486 1274 φίλος
508 1179 563 1246 καί
581 1167 754 1260 ἰδιόξενος,
782 1199 847 1264 qus
867 1176 1036 1242 fruebatur
1056 1197 1074 1240 e
1094 1177 1304 1264 popularibus
1324 1179 1515 1264 Antipater,

388 1311 453 1377 qua
468 1286 596 1352 omnino
614 1285 709 1371 pauci
725 1283 945 1350 familiarium.
980 1281 1074 1366 Quod
1090 1281 1209 1348 diserte
1225 1284 1368 1350 declarat
1383 1284 1515 1349 Plutar-

388 1395 468 1460 ebus
487 1393 522 1456 in
541 1391 609 1470 bis,
633 1411 717 1476 qnae
732 1400 883 1476 excerpto
899 1388 1029 1456 lluridis
1046 1388 1137 1454 nullo
1155 1390 1325 1457 intervallo
1342 1393 1515 1478 praemisit.

388 1491 481 1584 lellp,
503 1497 629 1584 inquit,
651 1487 708 1559 τίν
727 1490 885 1560 Φωκίωνα
901 1481 1117 1580 ποιησάμενος
1133 1485 1232 1560 αὑτοῦ
1249 1492 1348 1582 φίλον
1361 1493 1419 1560 καί
1433 1492 1517 1574 ξένον

389 1601 439 1678 είς
454 1590 612 1686 νοονῦιην
630 1592 730 1664 ἔθετο
751 1588 854 1683 aspir,
877 1588 957 1682 ὅσον
977 1587 1062 1678 alpos
1082 1586 1186 1683 ὀλίγον
1206 1597 1269 1661 τῶν
1283 1587 1336 1662 niel
1352 1587 1515 1663 συνόντων.

389 1707 515 1792 Quibus
543 1703 672 1771 monitis
701 1701 808 1768 statim
837 1699 953 1766 addit:
985 1689 1113 1785 Ὀγοῦν
1131 1701 1252 1788 Δοῦρις
1272 1725 1300 1768 κ.
1319 1725 1350 1766 ν.
1370 1699 1400 1766 λ.
1435 1703 1514 1768 llibil

390 1827 498 1880 autem
526 1795 592 1876 huc
618 1811 750 1889 attinet,
783 1807 870 1895 quod
890 1806 930 1872 de
951 1805 1118 1892 Antipatro
1139 1827 1189 1870 res
1210 1829 1245 1871 ea
1268 1829 1430 1894 nusquam
1457 1821 1516 1874 lra-

312 1984 315 1995 ,
390 1920 496 1998 ditur,
519 1928 557 1984 ut
574 1927 681 1982 monet
697 1913 781 1982 doct.
801 1935 828 1979 r.
845 1916 942 1981 Gent.
976 1915 1123 1998 lntegrae
1139 1913 1309 1978 Alexandri
1326 1913 1368 1978 ad
1388 1915 1514 2002 Antipa-

285 2012 293 2040 '
391 2039 477 2090 trum
494 2023 652 2109 Epistulae
668 2041 846 2107 nusquam,
864 2030 1020 2107 quantum
1040 2019 1125 2098 scio,
1146 2007 1284 2099 eistant3
1303 2031 1427 2086 exstant
1446 2041 1512 2085 sero

391 2133 588 2217 fragmenta,
613 2149 699 2216 quae
716 2125 950 2192 evidentissime
968 2134 1127 2212 arguunt,
1152 2125 1387 2205 Alexandrum,
1410 2149 1508 2214 qnam·

394 2239 438 2303 ris
453 2237 514 2301 sub
528 2235 625 2300 linem
643 2236 744 2313 ritae,
761 2255 863 2320 quum
879 2232 954 2298 mali
972 2233 1085 2298 ominis
1100 2232 1200 2298 multa
1218 2233 1247 2296 ei
1262 2233 1509 2312 obversarentur,

393 2343 598 2428 Antipatrum
622 2351 654 2405 et
679 2339 889 2406 Cassandrum
915 2340 1060 2426 aliosque
1075 2351 1248 2425 suspectos
1272 2339 1425 2421 baberet,
1459 2361 1513 2404 non

394 2449 523 2514 desiisse
546 2459 652 2514 tamen
676 2446 722 2512 ita
741 2446 799 2510 illo
821 2446 889 2525 uti,
913 2456 1079 2512 uteorum
1101 2466 1183 2533 quae
1205 2447 1339 2511 maxime
1359 2457 1448 2534 grata
1469 2447 1514 2509 rel

395 2553 552 2620 mirabilia
573 2553 635 2639 ipsi
665 2552 872 2631 accidissent,
905 2551 1025 2617 faceret
1046 2552 1140 2617 illum
1166 2552 1317 2618 continue
1339 2556 1512 2620 certiorem.

395 2663 500 2746 Quam
521 2681 596 2725 vero
617 2661 720 2746 tangit
738 2681 765 2724 s.
784 2660 869 2726 Gent
884 2659 908 2726 l.
925 2659 948 2726 l.
967 2669 1111 2724 mutuam
1127 2659 1297 2724 Alexandri
1315 2671 1347 2724 et
1363 2658 1514 2746 Antipatri

396 2767 628 2855 suspicionem,
662 2787 700 2832 ea
724 2766 809 2830 baud
836 2766 902 2830 scio
932 2787 972 2830 an
998 2766 1146 2852 vulgatae
1173 2766 1304 2830 lectioni
1330 2785 1513 2854 magnopere

396 2875 519 2954 laneat,
544 2871 805 2960 qnandoquidem
828 2875 898 2960 ipsa
923 2873 1122 2958 suspicione,
1146 2893 1186 2938 ne
1203 2893 1335 2961 regnum
1351 2873 1508 2957 Antipater

398 2978 579 3059 affectaret,
604 2980 716 3045 moniti
732 2979 904 3046 Alexandri
920 2979 1020 3065 pluris
1038 2979 1133 3044 etiam
1148 2979 1300 3045 intererat
1312 2999 1437 3056 carere,
1454 2997 1509 3054 ne,

397 3083 475 3148 dum
505 3086 633 3168 ineptae
664 3086 834 3169 superbiae
864 3095 1005 3148 veterem
1037 3084 1267 3152 observantiam
1299 3095 1512 3172 postponeret,

340 3176 343 3185 ’
398 3200 638 3278 praepotentem
656 3191 747 3276 regni
768 3189 948 3254 ministrum
971 3190 1072 3278 magis
1091 3192 1126 3255 iu
1149 3213 1183 3256 se
1204 3194 1381 3257 concitaret
1399 3203 1429 3256 et
1448 3211 1512 3254 exa-

399 3306 551 3384 speraret.
585 3295 698 3382 Neque
721 3279 889 3384 irrtelliqo,
920 3295 1000 3384 quid
1020 3297 1216 3378 Alexander,
1240 3299 1267 3362 si
1283 3299 1381 3363 etiam
1398 3299 1431 3362 in
1443 3295 1514 3382 llpi-

400 3403 506 3483 stolis,
530 3401 659 3489 dempto
678 3404 727 3488 τῷ
741 3399 885 3490 Χαίρειν,
910 3413 1033 3469 tantum
1051 3415 1086 3468 et
1102 3406 1258 3470 comitatis
1275 3415 1307 3469 et
1322 3391 1517 3469 humanitatis

401 3508 566 3576 commode
584 3510 690 3596 potuit
707 3509 878 3589 simulare,
901 3521 940 3574 ut
960 3509 1040 3574 nihil
1061 3511 1248 3597 suspicionis
1266 3524 1417 3597 suspecto
1436 3510 1517 3576 Anti·

400 3626 494 3702 patro
511 3628 672 3694 moveret,
690 3615 834 3681 tollendo
853 3616 1019 3703 vulgarem
1036 3638 1161 3704 usuque
1179 3619 1286 3682 tritam
1303 3619 1476 3684 formulam
1490 3617 1518 3679 in

401 3719 462 3784 bac
479 3721 636 3785 comitatis
656 3733 689 3786 et
708 3722 914 3791 humanitatis
931 3723 1131 3789 simulatione
1151 3735 1334 3810 spectasset.
1366 3725 1518 3800 Tandem,

402 3838 441 3892 ut
458 3827 555 3890 etiam
572 3824 614 3889 de
632 3827 763 3904 Aeliano
781 3828 963 3908 videamus,
987 3827 1082 3914 hujus
1102 3832 1208 3896 nescio
1226 3850 1267 3896 an
1284 3831 1318 3894 in
1335 3830 1384 3898 bis
1403 3831 1471 3897 ulla
1489 3830 1521 3892 sit

403 3934 586 3998 auctoritas.
619 3932 768 3998 Aelianus
791 3936 902 4015 enim,
934 3947 972 4002 ut
994 3939 1122 4022 saepius
1148 3937 1321 4003 Plutarcho
1341 3938 1435 4004 lente
1457 3957 1521 4002 usus

404 4051 452 4103 est
467 4050 499 4103 et
518 4059 596 4124 prae
611 4040 812 4106 lerunatiose
833 4042 970 4108 aliorum
989 4063 1121 4130 qnoque
1140 4045 1331 4128 scriptorum
1354 4046 1455 4110 rerba
1469 4063 1520 4104 no·

404 4147 634 4233 gligentissime
650 4145 819 4232 descripsit
836 4146 880 4237 (r.
895 4149 982 4214 Gent
999 4172 1032 4235 p.
1052 4147 1135 4230 13.),
1156 4152 1200 4216 ita
1216 4141 1435 4238 quaecunque
1449 4149 1520 4234 Alb

404 4251 445 4321 de
461 4251 622 4320 Phocione
639 4255 789 4341 collegit,
808 4271 872 4318 nou
881 4253 1107 4342 deprompsita
1119 4256 1239 4322 Doride
1253 4255 1294 4345 (r.
1307 4258 1393 4324 Gent
1405 4279 1442 4344 p.
1455 4251 1522 4342 tl),

405 4357 459 4422 sed
479 4381 496 4423 e
512 4359 687 4438 Plutarcho
705 4360 817 4447 petiis,
841 4381 938 4448 quem
956 4363 998 4429 ol.
1019 4361 1058 4430 V
1056 4365 1095 4428 e’t.
1114 4363 1214 4429 Phoe.
1233 4365 1358 4445 xvt113
1383 4385 1448 4432 nec
1466 4383 1525 4426 rer-

404 4463 540 4544 botenns
560 4467 710 4554 quidem,
733 4466 789 4532 sed
810 4468 875 4548 rei,
900 4487 997 4554 quam
1012 4470 1146 4556 agebat,
1169 4470 1422 4557 accommodate.
1446 4471 1524 4535 Solet

406 4569 490 4634 enim
509 4572 582 4653 ille,
607 4572 694 4660 quod
706 4595 781 4638 sane
789 4573 935 4660 plurimi
946 4575 1099 4662 exemplis
1107 4588 1210 4662 potest
1220 4579 1366 4666 probari,
1388 4574 1524 4666 quae'ad

409 4697 475 4740 rem
494 4697 582 4740 snam
599 4679 758 4762 pertinere
775 4679 895 4761 eredit,
918 4701 978 4767 pro
997 4681 1101 4748 lubitu
1119 4695 1258 4764 mutare,
1275 4705 1360 4770 qnae
1380 4707 1443 4750 non
1459 4703 1524 4770 per·
