3617 5892
957 651 996 713 lt

415 830 585 917 putaverit.
624 826 723 913 Atqui
742 824 842 910 probe
864 822 943 887 vidit
960 823 1063 901 idem,
1088 818 1213 908 Regem
1234 823 1349 917 ipsum
1368 821 1484 910 scisse
1505 835 1543 889 et

415 936 479 1001 dias
496 946 575 1022 post
600 930 834 997 Alexandrum
853 930 1050 1015 scripsisse,
1073 927 1215 1013 quamvis
1234 948 1366 1014 magna,
1390 951 1456 996 non
1472 942 1541 996 tam

416 1042 506 1105 firma
526 1053 630 1105 tamen
646 1037 827 1102 Ptolemaeo
846 1032 1003 1120 praesidia
1023 1033 1196 1111 exstitisse,
1220 1028 1317 1120 quin,
1341 1055 1540 1123 quacunque

413 1146 540 1212 tandem
565 1144 737 1220 decanea,
772 1162 791 1203 a
822 1161 898 1204 raro
928 1140 1051 1227 saepius
1081 1139 1273 1216 aberrasset,
1305 1160 1537 1227 nonnunquam

414 1253 509 1317 etiam
537 1251 563 1314 si
591 1270 656 1313 non
690 1247 775 1324 isac,
807 1256 853 1316 at,
868 1244 973 1309 studio
1006 1254 1093 1310 certo
1115 1244 1299 1331 gratiaeque
1329 1246 1537 1313 inserviisset.

413 1360 478 1423 Nec
494 1358 617 1434 omnia,
636 1374 720 1439 quae
734 1352 768 1415 in
786 1352 960 1416 Ptolemaei
971 1350 1059 1414 libris
1078 1350 1221 1436 legebat,
1240 1349 1392 1417 Arrianus
1404 1373 1462 1437 pro
1481 1375 1539 1417 ve·

412 1464 455 1527 ris
481 1462 614 1548 recepit.
628 1438 779 1524 ⁸Tantum
803 1457 916 1523 babuit
943 1458 1037 1523 illum
1065 1457 1177 1521 ceteris
1200 1456 1372 1521 Alexandri
1400 1459 1538 1543 scripto-

412 1571 500 1634 ribus
519 1554 710 1651 πιστότερον
722 1559 756 1635 ἐς
771 1554 827 1649 τήν
839 1550 1014 1649 ·α’φὴγησιν.
1037 1563 1140 1644 Quam
1161 1583 1288 1627 causam
1308 1584 1375 1629 esse
1393 1562 1539 1629 declarat

412 1698 482 1754 cur,
492 1671 617 1759 quoties
628 1667 801 1734 Ptolemaei
812 1666 1027 1733 etAristobuli
1044 1669 1222 1734 testimonia
1236 1682 1536 1756 nqncongruereut,

412 1804 449 1846 ex
478 1779 633 1843 alterutro
662 1775 836 1860 deligeret,
860 1794 943 1860 quae
970 1776 1163 1839 existimaret
1188 1774 1255 1859 ipso
1282 1764 1463 1862 πιστότερα
1481 1772 1537 1837 καὶ

412 1876 479 1967 ἅμα
500 1868 828 1968 ἆξιαφηγηεότεραῑ).
861 1878 937 1944 llihi
963 1881 1062 1965 igitur
1089 1880 1355 1957 Sanctoorucius‚
1379 1890 1416 1943 ut
1433 1879 1468 1941 in
1484 1901 1537 1943 re·

410 1988 507 2073 liquis
526 1987 592 2049 lere
614 1985 760 2051 omnibus
780 1984 848 2066 ejus
871 1972 1106 2070 aigumentatio
1128 2007 1242 2071 parum
1262 1986 1387 2069 placet,
1407 1984 1453 2049 ita
1472 1984 1536 2049 boc

411 2094 538 2157 nomine
562 2090 735 2155 Ptolemaei
756 2089 854 2153 fidem
878 2102 966 2154 recte
993 2092 1136 2177 culpasse
1164 2091 1311 2170 videtur,
1334 2089 1422 2176 quod
1443 2092 1536 2155 illum

410 2195 582 2265 Alexandri
610 2196 729 2283 gloriae
752 2196 840 2280 justo
869 2197 970 2283 magis
997 2198 1192 2261 consuluisse
1221 2208 1327 2261 censet
1354 2193 1395 2282 ²).
1438 2196 1535 2281 Cujus

411 2308 457 2370 rei
477 2305 541 2368 duo
567 2302 645 2365 mibi
666 2312 841 2387 suppetunt
865 2314 1064 2388 argumenta.
1097 2302 1243 2369 Alterum
1264 2303 1401 2367 narratio
1423 2314 1469 2367 est
1495 2302 1535 2367 de

410 2408 602 2477 Callisthene
632 2406 840 2494 philosopho,
876 2429 990 2494 quem,
1013 2409 1145 2495 reliquis
1173 2410 1381 2495 scriptoribus
1408 2421 1535 2494 praeter

409 2514 630 2583 Aristobulum
662 2515 787 2594 invitis,
826 2515 1024 2580 Ptolemaeus
1062 2516 1187 2601 scripsit
1217 2538 1235 2579 a
1270 2514 1439 2599 conjuratis
1470 2538 1537 2579 non

410 2620 532 2687 socium
558 2620 698 2686 criminis
722 2622 939 2700 nominatum,
963 2621 1019 2685 sed
1049 2644 1210 2687 suasorem
1242 2643 1280 2687 ac
1309 2620 1535 2705 impulsorem

411 2752 475 2817 quo
502 2730 626 2795 scilicet
658 2737 764 2791 tantm
800 2726 997 2789 crudelitatis
1024 2726 1165 2811 aliquam
1195 2737 1322 2813 pararet
1354 2724 1539 2798 Alexandro
1638 2732 1639 2755 l

411 2837 645 2900 excusationem
663 2830 709 2917 3).1
733 2832 879 2894 Alterum
907 2844 1129 2917 argumentum
1148 2835 1182 2897 in
1202 2834 1312 2899 fabula
1329 2833 1466 2918 positum
1488 2844 1537 2897 est

411 2937 684 3023 dedraconibus‚
709 2938 791 3001 riam
818 2937 857 3030 in
871 2937 955 3001 lovis
977 2937 1138 3003 Ammonis
1160 2940 1327 3005 oraculum
1355 2949 1535 3003 monstran-

444 3207 471 3273 1)
488 3209 602 3258 Proiem.
619 3205 646 3257 1.
681 3208 771 3271 ltaque
795 3220 847 3258 non
867 3208 956 3257 ubivis
973 3210 1094 3260 Arrianus
1110 3210 1201 3259 borum
1226 3208 1377 3275 scriptorum
1395 3209 1534 3259 dissensum

410 3296 520 3358 notavit,
538 3296 607 3360 quod
633 3294 708 3343 etiam
732 3298 803 3358 patet
829 3310 843 3343 e
869 3295 1018 3346 recensione
1036 3299 1165 3361 copiarum
1184 3296 1336 3360 Alexandri,
1358 3312 1434 3360 quam
1459 3298 1534 3345 tacite

410 3382 583 3431 ePtoler'naeo
600 3382 692 3431 hausit.
716 3380 772 3429 Vid.
793 3381 889 3443 Fragm.
910 3383 952 3431 IV.
977 3384 1068 3431 Contra
1084 3386 1115 3433 V.
1138 3381 1181 3431 14.
1200 3382 1216 3429 5
1238 3383 1343 3445 (Pragm.
1365 3379 1464 3445 xvii),
1491 3384 1535 3431 ubi

409 3470 543 3533 exponitur
555 3469 587 3517 de
603 3468 701 3533 proelio
713 3482 772 3516 oum
787 3468 842 3516 filio
860 3468 917 3516 Pori
933 3468 1010 3532 inito,
1027 3469 1149 3518 Arrianus
1165 3468 1258 3517 diserte
1273 3473 1361 3517 monet
1378 3484 1418 3532 se,
1434 3469 1536 3533 postha-

409 3554 462 3603 bita
478 3554 616 3619 Aristobuli
631 3554 681 3601 fide
699 3554 805 3619 (Pragm
820 3551 943 3616 xxxta),
962 3555 1098 3605 Ptolemaei
1117 3555 1277 3604 traditionem
1290 3555 1422 3619 amplecti,
1440 3556 1534 3619 quippe

410 3639 543 3689 scribentis
567 3654 631 3701 quae
649 3639 752 3688 vidisset
769 3638 823 3702 ipse
842 3656 1001 3703 quorumque
1027 3657 1084 3705 pars
1105 3657 1194 3703 magna
1219 3642 1309 3689 fuisset
1333 3640 1360 3706 (l.
1383 3640 1402 3688 l.
1425 3638 1467 3689 13.
1490 3640 1535 3703 1.).

409 3724 502 3773 Eadem
525 3723 557 3772 de
582 3739 656 3771 causa
680 3725 727 3772 111.
745 3723 787 3775 30.
811 3724 827 3771 5
851 3725 911 3773 fidei
937 3726 1075 3776 Aristobuli
1099 3729 1205 3795 [Pragm.
1225 3726 1288 3789 XX.)
1316 3726 1347 3775 de
1367 3732 1440 3791 capto
1461 3728 1536 3777 Besso

409 3810 535 3860 narrantis
547 3812 689 3874 praefertur
707 3812 845 3859 auotoritas
855 3812 992 3861 Ptolemaei
1011 3814 1116 3878 (Fragm.
1131 3810 1207 3876 xli).
1231 3813 1285 3860 lluo
1305 3813 1409 3862 fortasse
1424 3814 1539 3861 reseren-

409 3898 457 3947 dus
474 3896 546 3945 locus
568 3897 599 3945 de
621 3896 770 3960 Scytharum
793 3898 884 3963 oppido
912 3904 1053 3963 expugnato
1073 3902 1116 3949 IV.
1133 3898 1157 3947 3.
1180 3898 1212 3963 5,
1231 3900 1330 3961 quade
1351 3899 1468 3948 realiter
1486 3904 1538 3949 tra·

345 4027 347 4030 ,
409 3985 472 4033 didit
487 3983 645 4031 Ptolemaeus
666 3984 772 4050 (Pragm.
787 3983 877 4048 xlia),
896 3985 970 4034 aliter
989 3985 1149 4035 aristobulus
1161 3984 1267 4052 (fragm.
1282 3982 1380 4047 xxm).

370 4088 374 4093 ·
442 4067 469 4135 2)
489 4072 580 4119 Eram.
598 4071 657 4117 orit.
673 4085 699 4133 p.
715 4068 757 4118 ll.
944 4066 946 4071 ’
1202 4068 1206 4083 ’

442 4153 468 4220 3)
486 4158 582 4219 Fragm-
598 4156 663 4208 xiv.
685 4156 721 4205 Cl.
738 4158 825 4205 annot.
842 4156 874 4205 ad
889 4156 1000 4206 Aristob.
1018 4158 1115 4219 Fragm.
1132 4159 1232 4209 xxvn.
1252 4158 1362 4207 Eandem
1377 4174 1430 4207 rem
1448 4159 1539 4221 tetigit

409 4244 520 4292 Stabrius
534 4244 642 4292 Aristar.
662 4242 673 4289 l
693 4259 718 4306 p.
738 4240 811 4290 128:
832 4242 912 4290 «ltus
926 4244 973 4291 dos
988 4244 1110 4304 streton,
1135 4244 1305 4293 Alscondar’a
1328 4245 1399 4293 Blera
1423 4260 1468 4291 cor
1491 4244 1539 4293 der

409 4328 545 4377 Naclsaoslt
560 4346 595 4377 sss
612 4334 708 4391 setteis,
725 4330 815 4376 leonata
840 4329 889 4377 deo
912 4330 1049 4378 Aristotel
1063 4332 1116 4380 aad
1130 4331 1277 4380 Ptolomiisss
1298 4346 1348 4378 zor
1368 4330 1539 4395 Erdiolstssrsg

410 4412 457 4461 dor
465 4416 571 4481 Argois
585 4417 715 4481 dcwegsss,
730 4415 791 4463 dces
803 4416 860 4463 olle
870 4418 1114 4466 Mitosrsclswornsn
1124 4418 1172 4466 deo
1187 4418 1364 4466 Kollistlrsaes
1380 4416 1421 4464 uls
1433 4417 1539 4479 Haupt-

410 4501 532 4556 omoyssr
545 4503 590 4550 des
605 4502 1040 4567 Mordplcnrossgogoicnlss'itten.»
1066 4505 1191 4568 llamque,
1207 4508 1237 4551 ut
1251 4503 1289 4551 ait
1301 4501 1403 4551 Curtius
1421 4501 1489 4550 vm.
1509 4501 1538 4553 8.
1635 4554 1636 4571 ,

409 4583 467 4634 22:
486 4587 602 4635 «Nullius
623 4590 713 4639 caedes
732 4589 853 4638 maiorem
871 4591 939 4655 apud
961 4590 1068 4642 Graecos
1085 4590 1227 4641 Alexandro
1246 4588 1364 4639 excitavit
1383 4587 1538 4637 invidiam.»

410 4671 555 4722 titienses
570 4673 632 4722 Nat.
650 4676 765 4732 Quaerit.
778 4675 822 4725 Vl.
840 4672 881 4724 23.
