3617 5892
804 698 856 815 'hl

282 917 362 992 rium
391 926 544 991 mensium
570 928 611 991 sit
638 926 934 991 anachronismus:
963 946 1036 991 nam
1063 926 1269 1013 idetagitnion
1292 926 1401 1012 neges

282 1034 378 1097 monis
413 1041 616 1117 computatur
636 1053 654 1096 a
674 1030 707 1099 d.
734 1032 778 1097 28
803 1054 846 1101 m.
870 1030 936 1097 Jui.
962 1030 1004 1097 ad
1030 1030 1063 1097 d.
1092 1032 1134 1096 22
1159 1034 1243 1118 hug.
1268 1054 1298 1097 a.
1321 1032 1401 1099 222.

281 1138 320 1203 Et
336 1159 370 1201 re
387 1158 460 1201 sera
485 1136 524 1201 ad
551 1136 726 1203 Chremetis
744 1139 817 1203 anni
837 1138 966 1203 initium
991 1136 1110 1202 dictam
1137 1158 1278 1224 pugnam
1300 1138 1400 1201 refert

281 1242 369 1310 Diod.
397 1242 462 1309 sic.
488 1225 814 1332 xv11.'ot,'ptures
835 1241 1015 1308 defensores
1034 1254 1164 1321 nactus,
1194 1262 1278 1329 quos
1295 1242 1404 1307 laudat
1491 1294 1496 1305 .

281 1348 501 1413 Submiederus
516 1348 557 1414 ad
575 1349 701 1415 Arriani
717 1350 740 1416 l.
761 1349 786 1417 l.
820 1349 928 1431 Quum
945 1368 1021 1413 roro
1041 1347 1126 1435 apud
1143 1347 1319 1412 Diodorum
1339 1348 1403 1413 He·

280 1447 418 1543 gemonis
445 1478 547 1521 annus
574 1455 789 1535 desideretur,
818 1456 930 1521 saltem
957 1478 1021 1521 non
1054 1455 1201 1519 distinete
1226 1451 1402 1532 indicetur,

279 1560 370 1645 hujus
390 1563 580 1629 auctoritate
592 1584 654 1627 non
666 1575 714 1627 est
730 1562 927 1628 abutendum
945 1574 1057 1629 contra
1068 1562 1258 1639 Attianum,
1278 1557 1405 1641 eoujna

277 1668 447 1734 verborum
474 1690 622 1755 perversa
642 1671 904 1757 interpretatione
922 1680 1006 1734 totus
1033 1690 1122 1733 error
1153 1686 1295 1731 manasse
1312 1661 1405 1728 side·

279 1784 350 1853 tur,
378 1785 415 1839 ut
434 1796 519 1840 nuno
542 1777 648 1845 stetim
671 1777 841 1863 probatum
862 1776 927 1844 ibo.
960 1777 1046 1841 Haeo
1072 1774 1193 1861 igitur,
1221 1770 1262 1836 de
1282 1766 1408 1857 proelio

279 1876 426 1947 adsersus
442 1881 515 1945 Pori
535 1880 636 1948 filium
658 1884 875 1969 expositurus,
895 1882 936 1948 ad
958 1882 1090 1946 verbnm
1108 1888 1216 1943 monet
1231 1877 1404 1965 Arrianusz

278 1976 322 2051 bb
339 1986 398 2070 μὲν
418 1988 465 2073 aqi
484 1980 560 2056 τότε
580 1986 613 2056 οἱ
633 2012 764 2076 merope
766 1981 919 2067 ὶπάπες
934 1988 967 2057 oi
986 1981 1106 2059 Ἰνδικοὶ
1125 1985 1251 2056 nomo
1270 2006 1307 2051 ιι
1327 1976 1408 2051 doe·

276 2113 333 2167 τος
352 2092 406 2160 καὶ
426 2095 573 2185 θολεροῦ
594 2091 707 2187 ἔρρεον
727 2094 781 2164 καὶ
802 2090 896 2179 ὀξέος
910 2098 972 2166 τοῦ
993 2087 1173 2188 ῥεύματος·
1193 2084 1232 2185 ἦν
1251 2086 1314 2184 γὰρ
1334 2085 1407 2183 ὥρα

276 2192 384 2284 ἔτους,
412 2192 561 2291 piperni
585 2198 737 2293 οροπας
761 2195 979 2290 μάλιστα’
961 2230 999 2274 εν
1026 2204 1142 2295 θέρει
1160 2189 1406 2329 rpdneaocd
1462 2264 1471 2280 ,

274 2298 404 2397 ἥλιος·
426 2300 526 2397 ταύτῃ
548 2308 646 2376 dd
605 2334 645 2399 ιη
667 2304 738 2400 ὥρᾳ
758 2303 863 2381 ὕδατά
888 2337 925 2382 re
945 2313 981 2397 ἕξ
1002 2305 1142 2405 odpoerov
1129 2279 1277 2402 αθρόα
1296 2331 1334 2376 τε
1351 2332 1408 2376 κα·

273 2419 458 2510 ταφέρεται
477 2418 511 2494 ἐς
537 2414 594 2509 τὴν
621 2422 678 2511 γῆν
699 2419 755 2513 τὴν
784 2416 906 2513 Ἰνδαρν
925 2425 1035 2493 καὶ
1001 2451 1037 2495 αι
1056 2416 1161 2558 χρόνος
1182 2423 1219 2493 αἱ
1237 2422 1298 2493 aori
1318 2429 1408 2491 Καυ-

271 2523 380 2617 1ιιιιίσου
401 2571 442 2583 -
463 2523 713 2621 κατατηκόμεναι
738 2526 889 2617 αὔξουσιν
915 2530 1025 2615 αὐτοῖς
1050 2533 1089 2607 ad
1116 2532 1207 2629 α’δωρ
1233 2536 1290 2605 ἐπὶ
1314 2533 1408 2624 μέγα.

275 2639 404 2725 Cogitat
422 2639 575 2705 Arrianus
594 2660 658 2703 non
675 2629 895 2728 ipsasoportoic
915 2636 1051 2729 θερινὰς
1067 2644 1132 2708 sire
1152 2642 1289 2709 mediam
1306 2652 1409 2708 aesta-

276 2756 361 2825 tem,
391 2766 453 2811 uon
477 2744 546 2809 dies
559 2756 640 2831 port
658 2737 799 2833 τροπᾰς,
822 2743 878 2809 sed
902 2766 973 2811 eam
998 2748 1072 2813 anni
1090 2761 1234 2835 partem,
1256 2769 1340 2835 quae
1364 2746 1411 2814 od

275 2851 474 2917 solstitium
483 2854 633 2916 monime
641 2852 767 2938 vergit
778 2860 903 2937 tempus
912 2841 982 2917 ai‘ro*
992 2846 1129 2940 ιροπᾰς
1141 2852 1411 2943 quemadmodum

277 2956 355 3022 alibi
378 2955 465 3045 (vtl.
493 2958 551 3025 21.
582 2956 629 3045 2.)
658 2955 698 3021 de
722 2956 884 3045 Euphrate
903 2978 1001 3043 agens
1029 2957 1157 3027 loontus
1177 2969 1242 3042 est,
1269 2962 1374 3032 Ιοαο
1363 2973 1410 3029 rta

277 3064 455 3143 simillimo,
483 3074 521 3129 ut
541 3086 717 3151 comparari
708 3062 814 3128 huio
833 3073 1006 3132 mereatur.
1033 3050 1133 3183 Ἠρος
1151 3055 1408 3158 vituperemur,
1505 3062 1510 3070 ’

276 3168 403 3258 inquit,
425 3165 480 3233 καὶ
500 3160 586 3233 πολυ
609 3159 648 3254 δή
661 3156 832 3249 μάλιστα
812 3157 880 3233 urrd
900 3188 1041 3255 τροπας,
1063 3161 1194 3243 ἅστινας
1208 3192 1269 3236 του
1254 3167 1411 3259 θέρους

206 3298 232 3331 ·'
276 3299 295 3343 o
285 3270 429 3368 ιἥλιος·
426 3272 642 3363 ἐπιστρέφει,
662 3270 763 3359 μέγας
778 3294 815 3338 τε
835 3270 1010 3360 ἐπέρχεται
1028 3273 1082 3341 καὶ
1102 3267 1303 3366 ὑπερβάϋιι
1322 3272 1409 3366 ὑπὲρ

276 3385 334 3469 τὰς
348 3384 467 3477 ὄχθας.
490 3391 630 3457 Probent
645 3389 759 3455 illam
750 3390 1065 3475 interpretationem,
1076 3413 1160 3480 quae
1177 3415 1214 3459 ex
1225 3394 1409 3461 Aristobulo

278 3496 419 3587 (Fragm.
440 3494 603 3584 xxxtv.)
623 3496 738 3561 Strabo
755 3495 891 3581 profert.
915 3496 997 3560 Hine
1015 3495 1185 3564 enimlnoe
1205 3512 1253 3565 est
1273 3500 1408 3578 olarios,

276 3605 396 3673 Porum
416 3603 611 3670 debellatum
632 3624 699 3667 esse
718 3614 797 3670 oute
814 3600 1023 3667 Etesiarum
1042 3600 1133 3684 dier,
1155 3601 1212 3692 'qui
1230 3604 1309 3669 flare
1326 3604 1410 3673 inei·

274 3714 372 3799 piunt
391 3711 451 3775 sub
470 3713 514 3775 20
535 3732 577 3778 m.
595 3709 673 3775 tulii
693 3708 838 3795 adeoque
854 3720 934 3773 orate
951 3708 1247 3797 Metogitm‘ooem.
1266 3712 1408 3794 Etrero,

275 3830 312 3885 ut
328 3820 449 3884 iterum
465 3828 581 3881 testem
589 3815 808 3881 Aristobulum
820 3816 972 3901 excitem,
987 3816 1099 3881 Etesiis
1118 3818 1327 3903 spirantibus,
1348 3820 1410 3885 orti

271 3925 339 4009 jam
359 3945 460 3988 verno
478 3935 622 4009 tempore
646 3923 766 3987 imbres
792 3923 928 3987 tantari
948 3922 981 3985 in
1001 3922 1092 3991 India
1118 3938 1217 3991 nootn
1238 3937 1336 4014 etque
1360 3925 1410 3987 in·

276 4031 387 4097 terdiu
407 4029 447 4095 de
468 4029 558 4095 ooelo
577 4040 695 4110 ruunt,
723 4028 882 4115 simulque
908 4038 972 4100 tam
991 4029 1056 4093 late
1074 4028 1283 4096 effunduntur
1301 4028 1408 4108 durii,

277 4149 314 4203 ut
332 4138 431 4203 etiam
458 4137 579 4201 solenti
604 4134 782 4202 Alexandro
809 4134 871 4200 hoo
892 4135 967 4201 anui
992 4147 1136 4223 tempore
1154 4138 1282 4202 omnino
1300 4134 1411 4199 inisset

276 4244 367 4309 bello
378 4240 618 4324 abstinendum
630 4239 717 4329 qnod
731 4243 838 4328 etipse
849 4240 1049 4329 praeviderat
1063 4241 1201 4331 (Arrian.
1219 4242 1242 4310 1.
1258 4240 1347 4307 t.10.
1361 4236 1408 4327 1.)

278 4362 311 4415 et
334 4372 371 4415 re
393 4360 542 4435 expertus
568 4358 626 4417 est.
661 4348 740 4413 Nam
767 4368 869 4435 quum
889 4361 1037 4435 snperato
1053 4350 1120 4433 jam
1146 4350 1245 4427 Poro,
1270 4345 1409 4413 subactis

276 4456 354 4522 Pori
382 4475 482 4543 regno
507 4452 690 4520 confinibus
709 4452 795 4519 Indis
818 4456 1071 4542 expugnatisque
1090 4453 1214 4542 oppidis
1236 4463 1357 4539 septem
1378 4464 1411 4519 et

277 4562 413 4647 triginta
443 4560 579 4651 (arrian.
606 4562 650 4631 p,
679 4560 736 4628 20.
773 4562 794 4625 2
823 4552 1036 4649 ιᾳιρ.),,κατοὶ
1054 4550 1190 4646 θερινὰς
1208 4548 1350 4646 τροποῖς,
1372 4571 1410 4627 ut

277 4666 444 4733 Nearchus
471 4669 617 4756 loquitur
649 4665 713 4755 (ap.
736 4666 927 4736 StrabsXV
948 4688 982 4751 p.
1014 4664 1100 4729 1014
1125 4656 1191 4748 tt.),·
1219 4664 1285 4729 sire
1305 4660 1409 4747 otono

278 4766 417 4859 θέρεος,
440 4784 476 4841 ut
497 4762 714 4861 Megasthenes
738 4770 802 4861 (ap.
826 4772 952 4839 dorion.
972 4768 1079 4838 ladio
1105 4769 1162 4843 Vt.
1185 4765 1246 4857 5.),
1265 4769 1306 4836 ad
1325 4768 1408 4837 hoe·
