3617 5892
825 760 885 823 1111

292 951 408 1021 φησιν,
437 922 555 995 ὕεσθαι
582 921 622 993 τά
650 926 751 994 πεδία
776 930 914 1019 θέρους,
943 927 1099 1012 χειμῶνος
1124 918 1306 1015 δ’άνομβρα
1331 948 1419 995 arvos.

291 1038 446 1101 Similiter
469 1036 619 1100 Arrianus
650 1036 690 1103 V.
713 1036 746 1101 9.
770 1038 804 1115 4,
839 1046 870 1098 et
898 1035 1046 1099 disertius
1074 1034 1167 1097 etiam
1191 1033 1422 1120 llegostbenem

292 1163 463 1227 excerpens
486 1140 593 1205 lodic.
610 1140 707 1208 vlo
729 1163 775 1228 sq.
800 1140 957 1205 Diodorus
983 1141 1026 1206 11.
1048 1142 1090 1205 36
1111 1138 1277 1225 distinguit
1295 1129 1423 1211 διττούς

290 1235 438 1331 ὄμβρους
462 1235 540 1309 καθ’
567 1242 698 1321 ἕκαστον
721 1239 806 1324 ἔτος,
834 1238 968 1326 τὸνμὲν
989 1236 1180 1330 χειμερινόν,
1202 1233 1423 1328 τόνδ’ἓιερον

290 1340 373 1413 κατά
392 1341 448 1436 τήν
469 1338 601 1434 θερινὴν
621 1339 757 1434 τροπήν,
776 1371 858 1436 quae
878 1348 1094 1413 Eratosthenis
1112 1348 1174 1412 luit
1191 1346 1365 1423 sententia,
1385 1366 1422 1407 ex

292 1474 357 1539 quo
375 1452 460 1516 idem
477 1450 560 1515 illud
582 1451 679 1515 refert
698 1452 812 1518 Strabo
833 1478 865 1540 p.
891 1458 977 1519 1016
998 1455 1036 1521 A.

337 1559 427 1640 Quae
453 1578 549 1643 porro
578 1556 610 1620 in
636 1558 814 1644 fragmento
840 1560 1018 1624 Aristobuli
1037 1559 1155 1645 legitur
1183 1558 1287 1622 brevis
1311 1538 1423 1620 relatio

290 1663 333 1728 de
353 1663 466 1728 ludica
485 1662 654 1728 Alexandri
677 1664 892 1751 expeditione,
915 1688 951 1729 ea
970 1665 1101 1751 quidem
1118 1676 1183 1729 tam
1196 1663 1335 1750 graviter
1347 1683 1423 1726 cor-

293 1780 388 1855 rupta
407 1779 467 1848 cst,
478 1779 514 1833 ut
530 1770 627 1854 paulo
647 1769 832 1857 diligentius
848 1770 1055 1835 examinanda
1065 1772 1153 1838 sit.A
1170 1758 1421 1859 Paiopamisadis

292 1875 447 1959 profecti,
469 1873 556 1960 quod
574 1875 724 1939 Arrianus
747 1877 803 1945 IV.
825 1860 879 1943 22.
899 1882 920 1941 3
948 1870 1088 1941 evenisse
1115 1876 1212 1956 tradit
1236 1875 1287 1942 Ol.
1307 1872 1421 1940 CXlll.

295 1983 311 2044 1
332 1982 397 2044 sive
419 2003 447 2047 a.
470 1982 550 2059 ³27,
570 1971 703 2045 movisse
720 1983 907 2048 Macedones
925 1984 959 2046 in
982 1982 1107 2047 Indiam
1127 1982 1291 2060 dicuntur,
1313 1980 1424 2065 ibique

293 2096 364 2173 post
382 2086 549 2152 Pleiadum
574 2109 721 2153 occasum
741 2089 864 2175 degisse
883 2100 980 2153 totam
1002 2089 1140 2153 hiemem
1158 2088 1317 2151 innescio
1341 2106 1424 2173 quo-

294 2213 366 2257 rum
392 2194 617 2278 Hippasiorum
640 2195 688 2258 vel
714 2196 926 2281 Hypasiorum
946 2206 1031 2259 terra
1058 2206 1089 2259 et
1111 2194 1232 2259 ditione
1252 2192 1421 2269 llusicani3

211 2334 213 2339 .
294 2318 391 2383 quam
420 2309 541 2377 tamen,
570 2300 596 2361 si
614 2299 704 2363 audis
724 2301 893 2364 Arrianum
913 2302 969 2369 vl.
995 2304 1047 2369 15.
1066 2306 1085 2366 5
1105 2320 1166 2387 sq„
1187 2297 1266 2362 adiit
1292 2296 1422 2360 demum

293 2402 473 2467 Alexander
486 2415 595 2468 exacta
605 2404 673 2467 lero
685 2407 828 2488 proxima
844 2406 966 2486 bieme,
978 2430 1021 2473 m.
1038 2406 1132 2472 Febr.
1145 2429 1174 2472 a.
1185 2406 1263 2471 325.
1282 2401 1422 2478 Deinde,
1510 2413 1513 2417 “

294 2500 393 2593 ἔαρος
414 2498 608 2593 ἀρχομένου,
635 2511 808 2574 exercitum
825 2512 859 2573 in
876 2532 1005 2596 campos
1020 2510 1219 2576 descendisse
1237 2509 1374 2595 legimus
1392 2517 1424 2570 et

293 2611 328 2673 in
347 2610 529 2677 Taxilorum
558 2614 687 2694 urbem,
699 2615 787 2679 'bino
807 2614 847 2679 ad
866 2615 1046 2702 Hydaspem
1073 2617 1212 2701 Porique
1242 2615 1421 2700 regionem3

294 2738 378 2801 quae
408 2719 511 2783 omnia
538 2720 622 2785 lacta
647 2742 713 2785 esse
736 2720 948 2785 demonstravi
963 2720 1076 2785 iudea
1101 2743 1144 2786 m.
1173 2716 1423 2805 Elaphebolione

293 2845 323 2888 a.
341 2823 418 2890 326.
443 2823 524 2891 Vide
541 2824 581 2889 ad
600 2828 734 2893 Ptolem.
751 2828 876 2915 Fragm.
894 2828 987 2896 XVII
1004 2848 1036 2913 p.
1049 2829 1087 2890 41
1104 2848 1152 2913 sq.
1175 2826 1323 2906 Estlvero
1343 2821 1425 2901 baeu

293 2929 433 2992 narratio
453 2939 517 2993 tam
537 2931 691 3011 absurda,
710 2944 746 2996 ut
758 2934 808 2997 ab
827 2933 1011 2998 Aristobulo
1031 2936 1081 2997 rel
1104 2930 1260 3019 Strabone
1280 2929 1422 3015 profecta

294 3056 361 3098 esse
377 3035 471 3126 plene
490 3058 554 3101 non
570 3040 683 3123 possit3
702 3037 736 3102 id
755 3037 843 3125 quod
862 3041 982 3104 nemini
1003 3040 1109 3105 adhuc
1127 3041 1163 3102 in
1184 3037 1294 3102 oculos
1312 3036 1423 3099 incur·

293 3143 371 3204 risse
390 3141 538 3209 demiror.
571 3143 683 3208 Oritur
708 3145 907 3230 perturbatio
926 3168 944 3210 e
962 3146 1131 3233 depravata
1151 3145 1288 3209 lectione
1308 3162 1316 3206 ι
1340 3128 1424 3223 μετά

292 3242 332 3311 δὲ
354 3236 478 3327 δυσμάς
498 3238 672 3333 Πλιγϊάάων
692 3246 755 3310 καὶ
774 3240 1110 3337 campanensem&
1129 3240 1186 3335 τῆν
1199 3237 1323 3334 ὀρεινὴν
1339 3237 1373 3327 ἔν
1388 3260 1424 3303 τε

292 3346 336 3434 τῇ
356 3337 559 3413 Ἱππασίων
579 3348 633 3436 καὶ
652 3347 694 3437 τῇ
716 3351 975 3417 Μουσικανοῦ
995 3346 1104 3438 γῇτόν
1115 3350 1266 3433 χειμῶνα.
1281 3348 1423 3412 Primum

292 3454 371 3518 lerri
390 3454 502 3541 nequit
520 3444 706 3536 latrocinio,
730 3455 816 3541 quod
837 3478 875 3519 ex
895 3446 954 3519 ὑπ’
974 3445 1089 3521 Ἀσίαν
1103 3456 1307 3535 Casaubonus
1324 3450 1423 3516 dedit.

293 3558 479 3646 Legenduur
495 3551 694 3643 Ἀσπασίων,
712 3561 800 3648 quod
819 3584 903 3626 nunc
925 3583 976 3625 me
986 3562 1202 3628 Tascbuolrius
1220 3570 1328 3625 monet
1346 3557 1381 3624 b.
1399 3553 1430 3621 lJ
1462 3627 1468 3643 ἱ

290 3665 359 3749 jam
375 3664 630 3731 commendatum
655 3689 722 3733 esse
739 3690 758 3733 a
776 3668 983 3735 Schmiedero
1002 3668 1042 3733 ad
1058 3669 1184 3736 Arrian.
1206 3666 1317 3734 lodic.
1336 3687 1369 3752 p.
1391 3666 1425 3729 6.

296 3773 395 3837 Porro
423 3793 482 3857 pro
507 3774 718 3838 Μουσικανοῦ
743 3775 901 3840 scribatur
932 3786 1058 3861 oportet
1092 3766 1300 3854 Ἀσσακανοῦ,
1329 3792 1428 3857 quem

292 3879 455 3963 Arrianus,
464 3878 521 3945 Ν.
546 3880 600 3943 30.
623 3882 642 3941 5
664 3900 757 3965 perp
777 3893 867 3947 vocat
886 3870 1088 3967 Ἀσσωινγνόν.
1111 3882 1173 3949 Vix
1192 3880 1314 3945 bactris
1330 3876 1428 3941 Alex·

294 3983 397 4049 ander
414 3986 447 4047 in
468 3982 592 4047 lndiam
611 3999 814 4069 pervenerat,
835 4007 936 4074 quum
954 3985 1008 4051 bas
1033 3998 1157 4072 peteret
1180 3987 1338 4070 regiones.
1364 3981 1428 4044 Ar-

294 4091 403 4155 rianus
431 4090 488 4157 lv.
515 4091 570 4157 23.
603 4092 618 4153 1
650 4109 660 4155 z
690 4081 887 4179 Προύχώρει
913 4088 947 4165 ἐς
973 4083 1030 4179 τῆν
1058 4082 1277 4157 Ἀσπασίων
1295 4108 1333 4151 τε
1365 4084 1426 4173 (Gi.

294 4196 431 4263 Ptolem.
452 4197 577 4281 Fragm.
597 4193 699 4280 XVI.)
713 4194 767 4260 καὶ
787 4192 956 4281 Γουραίων
977 4184 1085 4283 χώραν
1104 4191 1159 4258 καὶ
1178 4183 1427 4276 Ἀσσακηνῶν,

297 4332 436 4397 quorum
455 4311 623 4396 postremis
643 4316 789 4395 praeerat
816 4310 993 4375 Assacenns
1015 4308 1066 4372 vel
1088 4309 1277 4372 Assacanus.
1309 4303 1356 4366 lle
1373 4302 1432 4365 iis-

298 4426 373 4491 dem
394 4426 509 4491 Strabo
536 4426 681 4513 loquitur
710 4448 743 4511 p.
762 4426 862 4489 -1022
893 4425 921 4489 A
950 4446 958 4487 :
988 4414 1037 4485 Tei
1061 4410 1182 4504 μπαξύ
1210 4405 1338 4481 τούτοιν
1363 4418 1431 4479 τοῖν

193 4602 195 4607 ,
298 4540 391 4604 δυοῖν
414 4542 575 4623 ποταμοῖν
599 4528 759 4625 (Ὑπάνιος
783 4539 838 4627 ool
863 4527 1002 4622 Γάγγου)
1028 4525 1157 4614 ἔχουσιν
1183 4519 1370 4615 Ἀσυακνγνοί
1394 4548 1432 4589 σε

300 4646 542 4716 κα1’Μασιανοὶ
553 4648 606 4713 καὶ
622 4652 765 4717 Νυσαῖοι
775 4648 828 4714 καὶ
841 4637 1010 4715 Ἱππάσιοι
1026 4664 1034 4681 ·
1056 4632 1121 4706 εἶθ’
1141 4632 1162 4727 ἦ
1183 4631 1430 4715 Ἀσσακανοῦ,

194 4842 195 4847 ¹
299 4752 388 4826 ὅπου
415 4752 581 4847 Μάσσαγα
608 4752 718 4841 πόλις,
745 4752 784 4827 τά
805 4759 971 4843 βασίλειον
990 4755 1048 4844 τῆς
1069 4742 1178 4842 χώρας
1203 4753 1264 4843 (cf.
1285 4776 1318 4840 p.
1337 4746 1430 4816 seed
