3617 5892
815 745 876 808 107

281 938 408 998 τοντες,
427 909 487 991 τίς
506 906 656 990 κλίνας
632 907 702 982 απδ
723 913 788 980 τῶν
808 913 949 1032 δένδρων
970 902 1108 1002 ἐξήρτυον
1128 912 1182 978 καί
1199 935 1238 978 το
1228 905 1409 978 πλεῖστον

249 1086 252 1095 ,
282 1020 343 1108 τῆς
361 1013 472 1094 νυκτδς
492 1016 712 1137 διηγρύπνουν.
745 1011 846 1086 Μετὰ
867 1014 905 1082 δέ
928 1016 1027 1082 ταῦτα
1047 1008 1140 1106 παρὰ
1161 1015 1225 1080 τῶν
1248 1014 1410 1105 ἐγχωρίων

189 1133 195 1159 ’
282 1115 447 1206 μαθόντες
474 1115 531 1212 τήν
561 1112 802 1210 ἀντιφάρμακον
827 1118 935 1210 ῥίζαν,
964 1110 1196 1208 οίπελυθησαν
1199 1117 1264 1183 τῶν
1290 1120 1409 1186 δεινῶν.

196 1245 201 1252 ’
282 1229 386 1294 Etiam
411 1230 491 1295 haee
514 1228 615 1314 petita
631 1248 699 1292 eone
722 1225 938 1307 amiternino,
958 1224 1080 1312 patebit
1102 1224 1284 1310 inspicienti
1302 1224 1409 1290 locum

281 1335 408 1401 Aeliani
425 1356 522 1421 snpra
544 1331 728 1413 laudatum,
745 1331 961 1415 eujuoultima
981 1331 1093 1406 rerba,
1112 1329 1240 1396 oblata'
1227 1351 1295 1412 Jam
1313 1351 1409 1396 oona·
1433 1359 1436 1364 ·

280 1441 387 1520 sione,
418 1442 511 1530 juvat
534 1438 638 1504 obiter
664 1438 844 1506 emendare.
882 1440 965 1504 Sunt
996 1437 1051 1504 illa
1073 1458 1083 1502 ε
1106 1435 1214 1500 δακεῖν
1234 1423 1336 1522 δ’ίίρα
1356 1433 1410 1500 καλ

280 1535 470 1611 ἀποκτείναι
491 1534 612 1610 ῶκιστα
631 1536 756 1617 δεινους
777 1533 896 1617 αὐτοῦς
916 1540 1002 1628 λέγει
1024 1533 1127 1615 οὗτος.
1155 1539 1224 1604 Νοο
1238 1539 1323 1624 ipsos
1342 1561 1411 1603 oer-

279 1661 411 1734 penteo‚
432 1651 559 1737 opinor,
583 1637 706 1719 δεινούς
727 1647 906 1716 Clitarchus
933 1649 1108 1726 vocaverit,
1132 1645 1184 1710 ned
1215 1665 1335 1710 morsos
1359 1645 1409 1710 di·

279 1756 363 1820 xerit
383 1743 569 1828 πόνους
532 1746 657 1826 δεινους
686 1775 809 1840 passos,
837 1755 924 1841 quod
954 1753 1111 1818 Diodorus
1147 1752 1331 1836 expressit.
1354 1741 1410 1816 τδν

279 1847 496 1945 πληγέντα
452 1879 547 1923 πονοι
560 1855 823 1941 δεινοίσυνεῖχον.
852 1861 967 1948 Itaque
985 1851 1110 1934 δεινους
1127 1869 1216 1922 mata
1231 1858 1265 1921 in
1284 1853 1408 1934 δεινῶς,

279 1962 337 2026 eed
351 1974 422 2049 post
439 1983 506 2048 αρα
520 1969 654 2047 ιεροιιίι;
667 1965 746 2043 οἱοὶ,
762 1976 800 2030 nt
818 1967 913 2031 simul
930 1964 1101 2054 languidae
1114 1964 1249 2082 oratiopi
1262 1964 1407 2049 aliquan

278 2078 349 2133 turn
373 2089 560 2148 succurras,
587 2069 635 2134 aie
647 2070 751 2134 ’maiia
767 2092 777 2134 z
794 2070 902 2137 δουιείν
921 2061 981 2138 δ”
962 2093 1029 2160 αρα
1046 2068 1158 2144 δεινῶς
1182 2059 1301 2142 αὐτους
1324 2062 1410 2150 λέγει

281 2194 395 2250 ουτος,
416 2171 471 2238 καί
491 2164 677 2238 ἀποκτείναι
696 2165 827 2241 ῶκιστα.

322 2277 502 2342 Extremam
517 2278 688 2364 fragmenti
703 2293 827 2364 partem
844 2281 1000 2359 similiter,
1019 2277 1076 2343 aed
1095 2298 1263 2364 suppresso
1281 2274 1408 2340 nomine

276 2383 434 2461 auctoris,
454 2381 635 2468 suppeditat
653 2385 807 2459 Arrianus
836 2386 945 2452 Ιιιιίίο.
974 2387 1031 2455 Vi.
1058 2387 1079 2450 8
1109 2407 1116 2448 :
1150 2379 1191 2450 Οί
1210 2374 1356 2461 ποταμοί
1377 2372 1409 2442 ολ

277 2477 390 2564 Ἰνδοὶ,
418 2475 540 2568 ὁμοίως
569 2487 618 2568 τῷ
653 2485 764 2572 Νείλῳ
791 2490 840 2572 τῶ
866 2487 1040 2572 Λίθιοπίῳ
1070 2510 1107 2553 τε
1139 2484 1193 2551 καλ
1217 2476 1407 2567 Αἰγυπτίῳ,

275 2586 503 2674 κροκοδείλους
523 2609 560 2651 τε
566 2586 752 2702 φέρουσιν,
780 2585 866 2656 ἔστιν
893 2587 983 2656 δέι
958 2584 992 2656 σί
1017 2581 1121 2654 αυτῶν
1140 2587 1194 2652 καὶ
1215 2574 1335 2710 ἰχθύας
1354 2578 1409 2645 καί

276 2682 361 2754 ἄλλα
387 2679 497 2777 κη’τεα,
527 2681 591 2758 ὅσα
616 2682 636 2755 ὁ
663 2692 800 2774 Νεῖλος,
822 2685 942 2781 nti-W
927 2713 1033 2759 ιππσυ
1058 2690 1116 2756 rofi
1136 2686 1309 2812 ποταμίου.
1346 2684 1406 2772 (cf.

277 2794 370 2879 Ετγν
389 2791 488 2859 Aleae.
505 2795 562 2863 Vl.
589 2799 618 2862 1.
637 2791 684 2883 2.)
714 2785 924 2884 Ὀνησίκριτος
950 2793 987 2861 δὲ
1012 2791 1066 2858 καλ
1086 2813 1164 2866 τους
1184 2788 1311 2863 ἵππους
1330 2779 1408 2861 τοδς

276 2894 459 2981 ποταμίους
484 2891 653 2982 λέγειὸτι
679 2897 848 2988 φέρουσιν.
888 2902 981 2984 Quae
1011 2897 1122 2964 eadem
1159 2895 1199 2962 de
1228 2893 1407 2962 Onesicrito

274 3003 390 3068 Strabo
401 3024 532 3090 quoqne
548 3002 725 3070 Aristohuii
738 3006 918 3093 fragmento
937 3004 1115 3092 subjungit.

747 3232 927 3303 xxxvln.
960 3189 962 3194 ⁵

319 3422 434 3489 Strabo
459 3421 519 3492 XV
545 3446 579 3509 p.
606 3421 753 3490 1033Β.
780 3421 853 3487 Τῶν
871 3418 905 3487 ἐκ
925 3410 1093 3508 θαλάττης
1115 3417 1217 3508 φησὶν
1243 3403 1410 3502 Ἀριστό-
1460 3449 1462 3455 ·

251 3525 423 3608 ’βουλος
450 3523 499 3600 είς
525 3517 645 3608 μέν
607 3548 663 3591 τον
691 3524 811 3592 Νεῖλον
837 3514 1023 3610 ἀνατρέχειν
1048 3518 1157 3610 μηδὲν,
1181 3513 1243 3599 ἔξω
1265 3514 1409 3605 θρίσσης

272 3651 330 3692 και
357 3627 516 3717 κεστρέως
541 3626 595 3694 καί
623 3627 790 3718 δελφῖνος,
819 3619 874 3693 δια
893 3649 971 3701 τους
991 3619 1270 3752 κροκοδείλους·
1253 3645 1285 3687 εν
1305 3619 1342 3738 δέ
1360 3618 1409 3703 τῶ
1492 3703 1495 3709 ¹

270 3721 369 3814 Ἰνδῷ
392 3731 531 3821 πλῆθος.
565 3731 638 3799 Τῶν
669 3731 706 3798 δὲ
734 3729 876 3820 καρίδων
896 3752 956 3804 τας
976 3727 1034 3812 μὲν
1053 3748 1171 3815 μικρας
1192 3723 1289 3816 μέχρι
1310 3713 1409 3811 ι’)’ρους

271 3825 416 3916 ῶναθεῒν,
442 3857 502 3910 τας
531 3833 569 3902 δὲ
593 3830 783 3922 μεγάλαςρι
758 3832 857 3923 μέχρι
879 3833 946 3899 τῶν
971 3829 1146 3956 συμβολῶν
1170 3828 1231 3896 τοῦ
1250 3849 1287 3894 τε
1306 3823 1408 3893 Ινδου

271 3935 328 4001 καὶ
348 3938 408 4002 τοῦ
428 3929 608 4005 Ἀκεσίνου.

758 4101 915 4111 --—·-——

317 4231 434 4298 Strabo
452 4233 597 4318 xvup.
617 4234 761 4300 itant.
779 4231 818 4298 Β.
846 4228 950 4354 ‹lippia›
968 4217 1288 4318 Ἀριστόβουλος,
1310 4218 1417 4309 μηδὲν.
1465 4279 1469 4290 ,

270 4327 458 4426 οἶναιρέχειν
481 4328 571 4425 ὄψον
599 4336 649 4414 τίς
669 4331 726 4404 τὸν
749 4331 913 4406 Νεῖλον
895 4357 930 4400 εκ
952 4331 1011 4422 τῆς
1037 4323 1222 4418 θαλάττης,
1254 4319 1337 4414 πλην
1356 4346 1408 4392 κε-

271 4439 398 4528 στρέως
415 4440 469 4506 καί
487 4438 634 4530 θρίσσης
652 4440 708 4506 καί
717 4441 884 4529 δελφινος,
904 4429 960 4506 διαί
975 4428 1052 4510 τούς
1074 4430 1315 4522 κροκοδείλους·
1330 4451 1408 4504 τους

269 4541 331 4626 μὲν
358 4543 513 4632 δελφῖνας
540 4538 596 4610 διαὶ
624 4537 665 4611 τό
693 4542 861 4632 κρείττους
890 4531 984 4620 εἶναι,
1013 4559 1093 4612 τους
1123 4535 1160 4602 δέ
1187 4531 1341 4659 κεστρέας
1358 4533 1407 4616 τῷ

270 4637 598 4732 παραπέμπεσθαιι
577 4669 644 4714 υπο
660 4646 726 4712 τῶν
741 4645 862 4733 χοίρων
875 4635 970 4731 παροί
987 4641 1053 4729 γῆν,
1069 4629 1150 4705 κατοί
1163 4661 1234 4706 τινα
1248 4634 1407 4704 οἰκείωσιν

269 4737 425 4837 φυσικήν
450 4751 512 4815 τῶν
533 4748 570 4818 δὲ
589 4748 709 4838 χοίρων
729 4742 917 4832 ἀπέχεσθαι
936 4766 1013 4819 τους
1033 4739 1268 4832 κροκοδείλους,
1292 4760 1405 4828 στρογ-
