3617 5892
882 745 886 755 ’
947 745 1008 810 120

816 1001 820 1010 .
917 950 1039 1020 XLVII.

459 1146 585 1212 λιιίαιι.
608 1144 682 1213 vn.
707 1146 761 1211 16.
785 1146 899 1222 5-7,
927 1145 980 1212 17.
1002 1132 1302 1230 Ἀλέξανδρος,’ῶς
1321 1135 1378 1210 τδν
1402 1140 1550 1234 Τίγρητα

404 1240 561 1333 ’ποταμῦν
584 1239 641 1328 ξῦν
666 1245 709 1335 τῇ
738 1245 876 1334 στρατιᾷ
896 1245 1004 1335 διέβη,
1027 1234 1165 1312 ἐλαύνων
1185 1239 1242 1312 ε’πί
1261 1245 1481 1329 Βαβυλῶνος,
1504 1245 1548 1313 ἐν

332 1396 367 1453 ιι
413 1351 524 1422 ταῦθα
549 1340 787 1438 ἐντυγχάνουσιν
820 1340 911 1435 αάτηῖ
934 1346 1109 1418 Χαλδαίων
1138 1346 1171 1416 οἱ
1195 1339 1313 1434 λδγωι,
1340 1347 1394 1415 καί
1418 1340 1547 1436 ἀτταγα-

412 1445 523 1542 γδντες
540 1445 609 1521 ἀπδ
629 1453 693 1520 τῶν
711 1449 858 1541 ἑταίρων,
880 1450 1008 1521 ἐδέοντο
1032 1449 1176 1536 ἐπισχεῖν
1194 1443 1252 1540 τήν
1272 1449 1329 1518 ἐπί
1348 1453 1548 1536 Βαβυλῶνος

396 1553 532 1626 -ἐλασικ
554 1545 678 1643 Λόγων
703 1547 765 1646 γάρ
786 1553 946 1643 γεγονέναι
967 1551 1080 1646 σφίσιν
1098 1551 1133 1620 ἐκ
1152 1553 1213 1620 τοῦ
1233 1555 1317 1621 θεοῦ
1336 1555 1398 1621 τοῦ
1418 1545 1543 1646 Βήλου,

411 1654 462 1780 μή
482 1653 571 1782 πράς
595 1651 726 1746 ἀγαθοῦ
752 1657 786 1727 οἱ
812 1649 891 1726 εἶναι
916 1649 973 1747 τήν
1000 1647 1147 1775 πάροδον
1170 1647 1227 1746 τήν
1252 1653 1287 1734 ές
1312 1655 1544 1740 Βαβυλῶναέν

411 1764 474 1885 11¹3m
485 1753 570 1833 τότε
598 1756 662 1830 Τδν
689 1761 727 1830 δέ
756 1754 1000 1851 ἀποκρίνασθαι
1028 1752 1139 1836 αὐτοῖς
1163 1750 1258 1847 λόγον
1282 1782 1342 1826 του
1327 1751 1542 1850 Εὐριπίδου

412 1868 484 1937 τοῦ
495 1865 636 1955 ποιητοῦ
662 1860 758 1942 έπος
786 1860 855 1950 ἔχει
875 1857 969 1931 δὲ
931 1887 970 1930 το
992 1857 1074 1939 έπος
1093 1853 1255 1952 Εὐριπίδη
1279 1853 1361 1930 ὦδε·
1391 1854 1542 1938 Μάντις

413 1962 624 2059 δάριστος,
658 1959 766 2045 ὅστις
799 1957 957 2048 είκάζει
988 1965 1124 2041 καλῶς.
1161 1961 1307 2048 νΣῦδὲ,
1338 1953 1367 2032 ῶ
1391 1967 1541 2081 βασιλεῦ,

412 2066 544 2192 ἔφασαν
569 2069 603 2140 ολ
624 2072 804 2191 Χαλδαῖοι,
832 2063 877 2160 μή
905 2091 993 2159 προς
1019 2060 1192 2152 δυσμάς
1169 2069 1307 2159 αφορῶν
1328 2060 1436 2150 αάτος,
1454 2061 1540 2158 μηδέ

412 2168 470 2266 τήν
498 2167 653 2294 στρατιάν
673 2165 776 2263 ταῦτη
800 2163 1033 2258 έντέχουσαν’
1011 2195 1097 2259 αγων
1122 2170 1319 2260 παρελθεῖν·
1346 2164 1461 2238 άλλά’
1444 2193 1536 2238 ειπε-

412 2272 557 2369 ριελθῶν
584 2260 672 2368 πρδς
700 2276 745 2346 έω
768 2276 923 2361 μάλλον.»
964 2275 1020 2361 Τηῖ
1049 2272 1086 2341 δέ
1111 2267 1188 2342 οῦδὲ
1209 2275 1306 2340 τοῦτο
1330 2267 1464 2400 εῦμαρὲς
1485 2266 1538 2393 δωὶ

386 2380 601 2468 ιδυσχωρίαν
627 2381 684 2462 ξ
683 2379 817 2499 έβημ-
775 2369 895 2448 -Ην
925 2378 962 2448 δέ
988 2403 1021 2446 τι
1048 2403 1103 2446 και
1126 2371 1276 2446 ῦποπτον
1299 2370 1393 2464 αῦτῶ
1413 2376 1446 2455 ές
1467 2369 1539 2453 τοῦς

412 2483 618 2566 Χαλδαίους,
639 2479 686 2560 ῶς
699 2476 740 2550 ου’
757 2507 839 2551 κατα
828 2477 1009 2567 μαντείαν
1028 2506 1061 2549 τι
1081 2471 1242 2601 μάλλογ”
1220 2508 1241 2570 η
1257 2478 1291 2558 ές
1307 2473 1523 2571 ἀφέλειαν
1489 2505 1539 2570 την

412 2577 520 2654 αῦτῶν
541 2585 643 2678 φέροι
661 2579 774 2663 αῦτοῖς
792 2613 813 2702 η
803 2576 975 2661 κώλυσις
1002 2585 1061 2675 τῆς
1081 2574 1326 2674 Ἀλεξάνδρου’
1311 2607 1347 2661 ες
1366 2584 1539 2669 Βαβυλῶνα

412 2688 446 2758 έν
465 2689 515 2776 τῷ
533 2679 610 2757 τάτε
630 2680 781 2766 ἐλάσεως.
801 2679 834 2758 0
852 2712 914 2778 γαρ
935 2712 993 2755 του
979 2677 1122 2778 Βήλου
1144 2681 1224 2762 νεῶς
1243 2683 1276 2753 ἐν
1294 2685 1379 2776 μέση
1392 2712 1432 2776 τη
1423 2679 1540 2754 πόλει

412 2782 452 2912 ήν
481 2791 547 2860 τῶν
578 2791 804 2877 Βαβυλωνίων,
838 2789 975 2879 μεγέθει
1005 2813 1042 2856 τε
1071 2787 1224 2878 μέγωτος
1254 2787 1358 2856 καλ’
1340 2815 1374 2858 εκ
1401 2788 1538 2858 πλίνθου

412 2887 518 2984 ὀπτῆς
542 2892 575 2962 ἕν
599 2886 808 2984 ἀσφάλτῳ
790 2892 1003 2984 ηρμοσμένης.
1029 2893 1150 2961 Τοῦτον
1171 2884 1227 2959 τδν
1245 2915 1334 2974 νεων,
1355 2885 1462 2980 ῶσπερ
1482 2915 1539 2958 και

411 2992 454 3064 τά
474 2988 557 3063 ἀλλα
577 2990 652 3086 ἱερά
670 2993 714 3062 τά
734 2994 958 3079 Βαβυλωνίων,
980 2993 1107 3084 Ξέρξης
1125 2993 1336 3086 κατέσκαψεν,
1355 2988 1407 3062 ὅτε
1427 2989 1461 3060 ἐκ
1478 2994 1537 3082 τῆς

410 3088 559 3173 Ἑλλάδος
598 3090 706 3164 ὀπίσω
746 3088 979 3190 ἀπενόστησεν
1010 3091 1219 3189 Ἀλέξανδρος
1250 3097 1288 3168 δέ
1320 3097 1355 3166 έν
1384 3097 1427 3185 νῷ
1459 3089 1539 3182 εἶχεν

412 3193 648 3285 ἀνοικοδομεῖν·
681 3198 715 3268 οἱ
746 3197 805 3285 μὲν
834 3197 990 3287 λέγουσιν,
1023 3194 1074 3268 ὅτι
1099 3199 1155 3268 έπί
1180 3205 1251 3277 τοῖς
1277 3200 1445 3287 θεμελίοις
1471 3204 1538 3276 τοῖς

411 3295 573 3396 πρόσθεν,
605 3302 660 3371 καί
687 3294 804 3371 τοῦτου
835 3303 927 3371 ἕνεκα
958 3297 1015 3372 τδν
1040 3304 1118 3390 γοῦν
1143 3302 1292 3395 ἐκφέρειν
1317 3300 1444 3372 ἐκέλευε
1465 3300 1539 3380 τοῦς

411 3406 655 3492 Βαβυλωνίους,
688 3404 722 3474 οἱ
751 3404 790 3475 δὲ
815 3399 868 3474 ὅτι
898 3407 953 3473 καί
983 3406 1118 3493 μείζονα
1147 3403 1195 3475 ἔτι
1225 3407 1285 3476 τοῦ
1309 3397 1415 3476 πάλαι
1443 3398 1538 3484 λίνεος.

410 3504 497 3580 Ἐπεί
521 3509 560 3578 δέ
586 3499 788 3585 ἀποστάντος
816 3501 919 3576 αῦτοῦ
937 3501 1116 3595 μαλθακῶς
1139 3501 1329 3600 ἀνθήψαντο
1350 3511 1411 3578 τοῦ
1432 3505 1537 3600 ἔργου,

412 3607 464 3689 οἷς
487 3612 591 3680 ταῦτα
615 3611 854 3703 ἐπετέτραπτο,
881 3603 901 3679 δ
929 3611 966 3678 δὲ
990 3611 1025 3696 (Ι.
1050 3606 1121 3697 ὅδε)
1144 3613 1187 3702 τῇ
1211 3613 1350 3703 ’στρατιᾷ
1373 3605 1466 3703 πάση
1486 3613 1538 3680 έπ-

412 3706 497 3783 ενῦει
515 3707 555 3782 τδ
575 3711 668 3805 ἔργον
687 3706 902 3806 ἐργάσασθαι.
925 3705 1015 3782 Εἶναι
1035 3716 1073 3782 δέ
1087 3715 1137 3802 τῷ
1153 3716 1228 3802 θεῷ
1242 3716 1292 3802 τηῖ
1309 3707 1405 3805 Βήλῳ
1422 3710 1540 3805 πολλήν

326 3812 328 3822 ⁴
411 3817 472 3906 μέν
498 3810 556 3907 τήν
584 3808 693 3906 χώραν
721 3811 883 3906 ἀνειμένην
905 3814 940 3884 ε’νι
965 3818 1029 3883 τῶν
1051 3809 1230 3908 Ἀσσυρίων
1250 3817 1419 3902 βασιλέων,
1441 3814 1540 3887 πολδν

411 3925 451 3991 δέ
477 3910 606 4012 χρυσόν.
626 3918 695 3988 Καί
718 3913 785 3987 άπδ
809 3920 870 3987 τοῦ
889 3910 994 3987 πάλαι
1013 3919 1072 4006 μέν
1090 3913 1146 3990 τὸν
1164 3915 1244 3988 νεῶν
1268 3913 1539 4002 ἐπισκευάζεσθαι

294 4092 297 4119 ι
410 4024 466 4094 καί
486 4017 547 4100 τάς
571 4021 693 4098 θυσίας
713 4022 762 4108 τῷ
780 4023 856 4108 θεῷ
873 4015 1037 4091 θάεσθαι·
1050 4015 1126 4090 τότε
1146 4022 1184 4090 δέ
1201 4018 1278 4100 τοῦς
1296 4023 1479 4100 Χαλδαίους
1495 4017 1539 4090 τά

410 4129 471 4198 τοῦ
497 4126 583 4194 θεοῦ
610 4124 783 4210 νέμεσθαι,
812 4117 872 4194 οῦν
892 4117 1040 4202 άντοςές
1064 4120 1085 4194 δ’
1104 4151 1136 4194 τι
1158 4117 1405 4218 ἀναλωθήσεται
1422 4119 1461 4195 τά
1477 4148 1540 4192 πε-

320 4231 325 4238 “
410 4221 622 4322 ριγιγνδμενα.
657 4220 788 4297 Τούτων
816 4228 858 4319 δή
891 4231 997 4298 εἵνεκα
1029 4221 1176 4298 ὕποπτοι
1211 4223 1415 4321 Ἀλεξάνδρῳ
1452 4220 1538 4320 ἦσαν,

411 4327 471 4402 οῦκ
494 4331 621 4402 ἐθέλειν
649 4332 832 4422 παρελθεῖν
855 4337 935 4401 εἲσω
962 4333 1157 4416 Βαβυλῶνος
1182 4325 1406 4424 Ἀλέξανδρον,
1431 4325 1538 4422 ῶςμή

413 4428 457 4502 δι’
487 4428 596 4525 ὀλίγου
624 4428 682 4504 τδν
707 4429 792 4504 νεῶν·
805 4434 1056 4504 ἐπιτελεσθέντα
1080 4428 1270 4527 ἀφελέσθαι
1295 4429 1413 4513 αάτοῦς
1430 4431 1541 4514 τάςέιι

413 4537 478 4604 τῶν
496 4531 667 4631 χρημάτων
691 4532 866 4630 ῶφελείας.
886 4534 992 4625 Ὅμως
1010 4537 1048 4606 δέ
1066 4531 1165 4626 τάγε
1184 4540 1243 4629 τῆς
1263 4538 1468 4631 ἐπιστροφῆς
1485 4540 1541 4628 τῆς

413 4634 496 4708 κατά
514 4636 570 4730 τήν
590 4643 721 4710 ε’ίσοδον
739 4636 799 4729 τήν
817 4643 852 4720 ές
869 4640 927 4733 τήν
944 4633 1040 4712 πάλιν
1060 4641 1217 4732 ἐθελήσαι
1238 4637 1348 4720 αῦτοῦς
1367 4643 1542 4732 πεισθῆναι

415 4741 502 4834 λέγει
519 4737 846 4835 Ἀριστόβουλος,
867 4744 922 4814 καί
941 4745 984 4835 τῇ
1002 4735 1119 4837 πρῶτη
1137 4744 1196 4832 μέν
1215 4739 1309 4836 παρά
1323 4738 1542 4830 τδνποταμδν
