3617 5892
405 2472 470 2542 ille
491 2493 576 2541 snae
593 2494 667 2541 non
685 2469 838 2552 addidit,
865 2472 904 2540 in
927 2469 1051 2541 lndiee
1075 2472 1352 2567 fragmentorum
1366 2474 1438 2543 alia
1451 2496 1525 2543 non

307 2641 309 2652 ·
405 2594 590 2678 indioavit,
610 2597 682 2665 alia
695 2596 740 2665 ad
761 2596 1006 2667 Ptolemaeum
1020 2593 1108 2694 Lagi
1120 2596 1143 2664 f.
1158 2596 1249 2667 falso
1261 2597 1394 2668 retulit.
1412 2596 1524 2689 Quae

404 2731 444 2791 tu
462 2717 606 2813 quidem
624 2744 697 2790 non
715 2744 758 2791 eo
782 2721 930 2791 oonsilio
947 2743 967 2788 a
986 2742 1043 2789 me
1064 2718 1159 2788 diota
1180 2722 1343 2813 putabis,
1367 2732 1407 2791 ut
1428 2723 1522 2791 vitn-

403 2844 559 2937 perando
593 2840 762 2915 Geierum
791 2846 835 2916 de
866 2842 976 2935 hujus
1004 2842 1169 2913 laudibus
1193 2845 1390 2939 quidquam
1411 2846 1523 2917 detra·

403 2966 488 3038 here
522 2968 701 3061 simulque
730 2967 820 3039 mihi
845 2970 984 3061 aliquas
1002 2972 1295 3062 porareoupiam3
1317 2970 1376 3041 odi
1397 2992 1525 3043 vanam

404 3093 510 3163 istem
520 3095 757 3188 arrogantiam
767 3104 803 3163 et
815 3096 957 3163 inanem
971 3093 1168 3188 gloriolam,
1185 3094 1337 3165 oliorum
1348 3097 1525 3188 vituperio

405 3213 660 3309 quaerendam
686 3214 753 3288 tibi
770 3226 917 3288 tantum
939 3220 1092 3289 rationes
1109 3217 1264 3301 reddidi,
1292 3242 1354 3289 our
1376 3218 1420 3289 de
1441 3219 1527 3289 Pto·

385 3339 539 3416 ,lemaeo
565 3343 674 3411 etiam
698 3353 776 3434 post
805 3338 975 3413 Geierum
1005 3342 1197 3435 disceptare
1227 3346 1527 3436 operaepretium

313 3478 318 3487 “
404 3486 479 3536 etse
491 3462 669 3566 duxerim.
696 3446 768 3537 Neo
782 3466 908 3537 dubito
929 3469 1018 3561 quin
1031 3465 1097 3537 Vir
1111 3464 1223 3549 Boot,
1243 3466 1348 3537 modo
1360 3468 1528 3537 seriorem

404 3591 443 3659 in
471 3610 607 3659 annum
639 3614 796 3683 premere
826 3592 1159 3662 oommentationem
1188 3592 1245 3661 vol
1276 3592 1442 3661 voluisset
1458 3590 1527 3661 ¹vel
1590 3592 1593 3597 ’

404 3715 592 3806 potuisset,
619 3715 742 3784 multis
766 3714 950 3796 derebus,
971 3714 1111 3807 abjeeta
1134 3725 1249 3787 vetere
1271 3718 1461 3796 sententia,
1486 3716 1528 3783 in

404 3838 477 3909 alie
499 3840 626 3907 omnia-
640 3837 800 3921 abiisset,
827 3838 1003 3933 quaedam
1023 3850 1162 3920 autem,
1187 3862 1280 3932 quae
1304 3842 1381 3933 ejus
1400 3827 1529 3909 libello

320 3949 323 3954 ⁸
404 3984 500 4033 nune
516 3960 664 4044 desunt,
689 3965 816 4035 iterata
840 3987 941 4046 oure,
968 3961 1167 4057 supplenda
1190 3962 1342 4034 vidisset
1370 3954 1528 4061 Κᾴνβρο.

404 4092 486 4166 τοῖς,
507 4081 556 4160 ιη’
569 4086 689 4178 ajunt,
711 4088 747 4156 αἱ
765 4080 917 4178 <iniereat
931 4111 1003 4164 πως
1016 4080 1397 4179 φροπίδεςσοφώτεραι
1420 4084 1528 4179 Quod

404 4236 513 4307 quam
534 4235 655 4284 verum
668 4212 733 4293 sit,
760 4212 883 4303 reipsa
895 4212 1035 4303 saepius
1047 4223 1209 4303 expertus
1220 4210 1331 4279 santio
1343 4210 1528 4303 allatoque

311 4340 314 4348 '
405 4338 463 4407 vel
494 4363 536 4409 ex
565 4336 632 4407 hae
666 4358 745 4405 mea
772 4333 818 4404 de
844 4334 1049 4406 Ptolemaeo
1080 4333 1321 4428 disputatione
1346 4335 1524 4429 exemplo,

405 4459 502 4554 qnod
524 4461 596 4531 huo
616 4458 878 4555 quodammodo
902 4462 1071 4553 pertinet,
1098 4460 1219 4529 atatim
1244 4457 1311 4526 tibi
1334 4459 1500 4548 probabo.

456 4585 495 4655 Si
513 4586 622 4681 igitur
642 4608 782 4656 meeum
799 4585 967 4656 evolveris
990 4585 1157 4680 paginam
1167 4578 1205 4662 6,
1234 4602 1305 4674 quo
1318 4580 1396 4651 looo
1410 4582 1528 4677 Satyri

406 4711 583 4803 scriptoria
592 4711 830 4805 fragmentum
839 4708 984 4781 laudavi
996 4708 1040 4781 de
1048 4730 1173 4804 genere
1182 4705 1387 4789 Ptolomaei,
1399 4706 1527 4779 frustra
