3617 5892
401 2430 440 2497 iu
466 2428 649 2495 literarum
680 2412 822 2504 studiis,
848 2433 926 2491 tum
948 2424 987 2491 iu
1012 2420 1079 2491 hau
1102 2420 1341 2515 disputatione
1367 2422 1520 2491 consori-

400 2550 516 2621 beudu
528 2549 750 2642 praestiteris.
772 2548 899 2617 Sextus
915 2549 992 2639 jam
1006 2549 1123 2642 agitur
1134 2569 1265 2628 annus,
1284 2568 1327 2615 ex
1347 2568 1434 2639 quo,
1455 2554 1521 2613 tuo

273 2691 276 2701 “
399 2678 530 2768 pariter
560 2683 669 2766 atque
697 2670 850 2747 Heusdii,
877 2673 938 2739 τοῦ
958 2672 1138 2761 μακαρίτου
1163 2670 1306 2740 hortatu
1333 2671 1518 2749 inritatus,

399 2798 445 2867 ad
455 2809 625 2868 ueterum
650 2794 906 2864 Historieorum
928 2794 1087 2863 studium
1108 2817 1165 2865 me
1177 2783 1385 2869 'eonvertere
1402 2795 1518 2885 coepi,

398 2944 440 2991 eo
462 2918 608 3015 quidem
631 2919 797 2999 oonsilio,
822 2929 880 3000 ut,
909 2916 1036 2993 idoneo
1050 2918 1215 3013 ‘undique
1237 2920 1520 2991 testimoniorum

398 3043 737 3139 &fragmentorum
763 3053 936 3136 apparatu
963 3044 1128 3125 collecto,
1156 3042 1307 3145 ederem
1324 3040 1519 3135 aliquando

398 3168 580 3249 criticam,
591 3190 700 3260 quam
710 3177 848 3249 vocant,
859 3163 1143 3236 Historicorum
1158 3168 1392 3260 antiquorum
1403 3164 1519 3257 histo-

396 3294 508 3361 riam.
543 3290 660 3385 Quem
679 3292 833 3384 juvenili
862 3292 1002 3374 ardore,
1033 3316 1079 3363 ne
1103 3292 1219 3362 dicam
1247 3302 1378 3361 temere
1404 3312 1516 3361 susse-

397 3428 499 3510 ptum
519 3417 676 3486 laborem
691 3418 720 3485 si
738 3414 882 3497 tandem
900 3417 1092 3509 perfecero,
1112 3415 1209 3509 quod
1227 3425 1363 3495 tamen,
1386 3425 1426 3484 ut
1437 3437 1517 3486 vera

396 3540 463 3609 tibi
485 3536 612 3620 fatear,
635 3541 674 3638 iu
698 3541 869 3609 immenso
893 3537 1003 3632 hujus
1027 3540 1226 3637 argumenti
1241 3539 1378 3610 ambitu
1395 3549 1429 3609 et
1448 3537 1516 3608 dif-

395 3662 556 3733 ficultate
583 3686 695 3756 paene
719 3655 994 3757 inexsuperabili
1017 3666 1125 3734 etiam
1149 3675 1256 3757 atque
1276 3659 1386 3732 etiam
1410 3654 1519 3755 inque

395 3788 470 3857 dies
480 3790 591 3882 magis
602 3786 793 3874 dubite;-
810 3788 871 3857 sed
890 3790 920 3859 si
939 3789 1131 3883 perfecero,
1160 3787 1197 3857 id
1219 3809 1282 3879 pro
1305 3788 1398 3856 bona
1417 3797 1519 3878 parte

394 3923 478 3982 tuae
508 3934 566 3979 me
591 3909 793 3981 debiturum
826 3935 972 4006 operae,
1006 3890 1103 4005 quid·
1134 3908 1377 3982 dissimulem?
1414 3920 1515 3991 tuae,

291 4054 295 4077 ‘
315 4102 324 4114 ,
393 4039 561 4129 iuquam,
581 4036 646 4127 qui
661 4058 768 4129 grave
787 4059 907 4106 meum
926 4037 964 4105 iu
982 4034 1163 4118 menthe,
1187 4034 1386 4107 studiorum
1402 4035 1517 4103 subsi-

394 4160 463 4231 diis
495 4182 622 4252 pamm
654 4157 837 4241 affluente,
867 4161 1065 4230 multorum
1087 4158 1260 4231 libromm
1285 4158 1515 4240 desiderium,

393 4305 507 4376 quum
536 4284 664 4354 tollere
681 4306 864 4378 nequeas,
901 4308 973 4378 quo
994 4286 1141 4377 potuisti
1159 4285 1274 4355 ‘modo
1298 4285 1457 4355 minuere
1477 4294 1517 4353 et

392 4407 505 4479 lenire
519 4406 618 4488 haud
637 4431 798 4501 uuquam
824 4409 980 4482 desieris·
1005 4386 1123 4502 Quam
1146 4410 1390 4481 suavissimam
1416 4418 1516 4479 tuam

393 4536 433 4601 iu
452 4548 510 4601 me
525 4535 813 4604 benevolentiam
833 4557 946 4626 quum
966 4544 1105 4604 tantam
1116 4556 1191 4604 esse
1204 4535 1325 4627 palam
1334 4532 1512 4626 profitear,

392 4657 517 4750 utique
541 4657 722 4750 equidem,
743 4661 779 4731 ,si
802 4658 866 4729 has
888 4654 1114 4739 Ptolemaei,
1143 4653 1352 4727 Aristobuli
1364 4663 1401 4725 et
1417 4652 1516 4725 Clua-
