3617 5892
832 718 872 779 'll

291 887 424 954 tarchus
451 886 491 953 de
512 887 625 975 opihus
646 888 826 957 Alexandri
845 888 878 954 id
909 910 1039 955 narrare
1061 892 1190 956 omniuo
1211 894 1333 977 potuit3
1362 890 1419 957 sed

290 995 398 1081 potuit
417 994 511 1059 etiam
527 992 739 1081 Phylarchus3
757 994 852 1061 Duris
863 1016 953 1076 roro,
971 995 1059 1083 quod
1076 997 1247 1063 maximum
1263 1008 1327 1078 est,
1345 1018 1419 1064 uar-

290 1102 384 1169 ravit.
418 1100 509 1182 Quae
537 1112 717 1183 causaest,
748 1101 902 1199 curmihi
931 1104 1026 1167 etiam
1043 1124 1130 1168 uuae
1149 1104 1305 1189 optimum
1327 1104 1419 1169 factu

288 1205 440 1285 ridetur,
455 1217 492 1270 ut
513 1205 722 1272 Plutarchum
739 1229 777 1273 ex
796 1207 970 1273 Plutarcho
989 1207 1204 1276 emendemus.
1239 1210 1361 1278 Verum
1377 1208 1419 1274 acl

287 1311 509 1377 Aristobulum
530 1312 642 1392 redeo,
666 1315 721 1400 qui
752 1313 839 1402 quod
859 1313 1093 1380 Alexandreia
1116 1315 1222 1380 Asiam
1244 1313 1418 1396 trajicienti
1503 1310 1507 1318 ’

285 1402 431 1503 ἐφόδιον
449 1417 546 1482 ίιιιιεε
572 1417 652 1483 dixit
681 1410 721 1485 ου’
747 1416 846 1485 πλέον
868 1407 1088 1506 ἑβδομήκοντα
1113 1409 1290 1497 ταλόνιιον,
1322 1420 1356 1481 ιιι
1380 1442 1418 1485 eo

288 1519 436 1587 haudita
450 1524 591 1589 multum
610 1524 799 1611 discrepata
818 1524 998 1589 testimonio
1008 1522 1179 1588 Alexandri
1200 1524 1318 1608 ipsius,
1333 1524 1419 1609 apud

286 1626 461 1694 Arrianum
478 1630 552 1700 vll.
571 1629 603 1699 9.
626 1633 647 1698 6
665 1630 859 1719 profitentis,
879 1652 913 1694 sa
934 1630 1084 1715 lupatria
1102 1629 1243 1714 Philippi
1261 1629 1419 1695 thesauris

288 1736 444 1819 reperisse
463 1724 601 1801 τάλαντα
620 1726 698 1802 οὐδὲ
718 1726 891 1825 ἑξήκοντα·
914 1734 1001 1824 quod
1020 1734 1227 1801 confirmatur
1247 1736 1320 1801 loco
1338 1736 1419 1803 Gur-

290 1839 344 1919 tii,
361 1842 417 1927 qui
438 1852 483 1905 est
505 1841 547 1908 X.
564 1842 598 1909 2.
619 1841 675 1910 24.
706 1840 854 1907 Absurde
882 1842 948 1910 Jul.
975 1842 1095 1911 Valerii
1126 1840 1167 1929 (l.
1195 1837 1263 1929 to.)
1290 1842 1418 1909 traditio

289 1964 353 2009 non
374 1945 469 2035 digua
484 1958 533 2012 est
550 1968 634 2034 quae
655 1958 861 2017 memoretur.

823 2141 880 2211 lV.

329 2312 496 2382 Plutarch.
519 2311 554 2382 V
555 2316 599 2381 it.
621 2314 722 2383 Alea.
740 2316 828 2384 xvt.
855 2316 926 2381 Τῶν
939 2311 1019 2404 περὶ
1032 2304 1089 2380 τόν
1104 2304 1311 2401 Ἀλέξανδρον
1324 2309 1419 2402 ’νήια

283 2405 382 2499 στόβ
390 2406 505 2491 οολός
519 2422 604 2504 φησι
617 2414 780 2505 τέσσαρας
791 2416 845 2483 καὶ
854 2407 1024 2506 τριάκοντα
1032 2409 1164 2506 eorporis
1174 2414 1330 2503 γενέσθαι
1341 2411 1418 2492 τοίς

281 2509 425 2599 πάντας,
460 2508 504 2583 (όν
537 2514 625 2585 ἐννέα
656 2511 778 2597 πεζοός
806 2510 896 2585 εἰναι.
927 2526 959 2584 Τ
955 2509 1057 2584 οίπων
1085 2518 1143 2602 μὲν
1171 2508 1227 2585 οόν
1256 2517 1420 2587 ἐκέλευσεν
1539 2556 1541 2560 ·

285 2614 414 2694 εἰκόνας
435 2611 655 2709 ἀνασταθῆναι
675 2620 811 2704 χαλκοῖς,
835 2613 875 2697 ἃς
895 2610 1076 2695 Λόσιππος
1097 2612 1280 2709 εἰργάσατο.

328 2726 416 2811 Ergo
432 2726 544 2811 viginti
562 2726 707 2812 quinque
727 2728 850 2813 equites
869 2726 1050 2804 interiecti,
1063 2725 1254 2813 quodetiam
1265 2726 1419 2791 Arrianus

285 2835 328 2897 ait
346 2833 374 2901 I.
398 2833 451 2897 16.
473 2832 505 2897 4.
529 2829 592 2895 Sed
609 2830 799 2898 Plutarchus
822 2854 859 2897 ex
881 2832 1068 2897 Aristobulo
1084 2853 1147 2896 non
1167 2852 1275 2896 omues
1291 2832 1419 2897 omuino

286 2939 325 3003 ad
346 2937 522 3004 Granicum
541 2948 684 3003 mortuos
702 2939 881 3018 recensuit,
906 2937 962 3001 sed
980 2938 1062 3002 solos
1082 2939 1138 3024 qui
1159 2934 1258 3023 σιτῇ
1275 2932 1421 3023 ἑταιρικῇ

285 3040 378 3127 ίππῳ
410 3044 532 3129 quique
560 3058 597 3106 ex
621 3044 690 3117 τοῖς
716 3031 925 3129 πεζεταίροις
948 3044 1171 3109 ceciderunt:
1199 3064 1272 3108 uam
1278 3039 1419 3127 reliqui

287 3150 441 3215 exercitus
467 3149 659 3214 interierunt
680 3149 807 3232 plures,
835 3170 898 3212 nou
917 3151 989 3235 pari
1007 3149 1130 3215 honore
1148 3150 1263 3215 ornati.
1297 3146 1420 3211 Discri-

286 3276 356 3320 meu
371 3267 523 3322 accurate
540 3266 631 3320 notat
647 3254 841 3322 Arrianusl.
859 3254 884 3321 l.
908 3250 1148 3333 Μακεδόνων,
1138 3254 1263 3340 inquit,
1282 3250 1347 3314 τῶν
1362 3248 1420 3331 μὲν

285 3354 419 3474 ἑταίρων
448 3356 537 3449 ἀμφὶ
561 3349 640 3433 τοίς
666 3356 769 3423 εἰκοσι
793 3354 848 3421 καὶ
868 3354 1008 3422 πέντε’
989 3379 1022 3421 εν
1042 3354 1085 3444 τῇ
1104 3345 1232 3477 πρρίτῃη
1247 3350 1421 3443 προσβολῇ

286 3450 483 3530 antemos·
504 3460 559 3527 καί
579 3450 703 3527 τοότων
721 3459 840 3579 χαλκαῖ
860 3448 981 3532 εἰκόνες
1005 3456 1038 3523 ἐν
1057 3454 1166 3575 All.
1151 3454 1296 3538 εστᾶσιν,
1323 3446 1421 3520 ’·Αλε

284 3554 423 3655 ξόνδροο
445 3554 654 3639 κελεύσαντος
669 3553 854 3630 Λόσιππον
875 3561 1082 3657 ποιῆσαικ-
1095 3558 1161 3625 τῶν
1181 3556 1219 3625 δὲ
1239 3548 1378 3623 dahas
1365 3577 1421 3623 ιπ-

284 3664 369 3734 πίων
393 3662 485 3785 ὑπὲρ
511 3660 588 3744 τούς
608 3657 773 3757 ἑξηκοντα,
804 3664 902 3745 πεζοί
927 3660 1008 3732 δὲ’
990 3684 1025 3738 ες
1045 3656 1122 3737 τοίς
1142 3652 1322 3785 τριρίκογτα.
1353 3658 1421 3736 Καὶ

285 3761 416 3847 τοόιοος
442 3794 483 3859 τη
471 3762 663 3859 όστεραίᾳ
682 3763 822 3886 “illudar
841 3760 1060 3855 Αλίξανόρος
1080 3759 1137 3845 ξόν
1156 3768 1226 3840 τοῖς
1246 3752 1363 3839 ὅπλοις
1383 3786 1420 3829 τε

286 3864 435 3961 καίόίλλῳ
457 3863 590 3960 κόσμῳ·
603 3872 732 3959 γονεῦσι
745 3861 843 3938 δί’
801 3871 907 3937 αοτοῖν
926 3867 983 3935 καί
1003 3866 1101 3935 παισί
1120 3868 1185 3934 τοῖν
1204 3889 1242 3933 τε
1262 3861 1344 3932 κατοί
1363 3856 1420 3953 τήν

209 3980 215 4001 “
286 3965 398 4105 γοίραν
411 3968 558 4043 α’τόλειαν
579 3970 679 4042 ἔδωκε
695 3968 784 4039 καί”
765 3994 840 4040 οσαι
861 3964 993 4061 littaei}
1012 3971 1062 4057 τῷ
1083 3962 1209 4057 σοίματι
1223 3964 1419 4054 λειτουργίαι

272 4068 611 4169 ,ηκατσίτοίςκτὴσεις
631 4068 773 4145 ἑκάστων
795 4074 963 4168 εἰσφοραί.
985 4080 1105 4143 Novem
1125 4076 1266 4163 pedites,
1289 4083 1419 4138 centum

288 4182 395 4270 viginti
413 4185 537 4272 equites
555 4195 723 4266 numerat,
745 4183 783 4247 iu
799 4184 915 4249 ceteris
924 4185 1150 4273 negligentior,
1162 4183 1305 4249 lustinus
1315 4179 1371 4244 XI.
1383 4180 1416 4245 6.

789 4358 867 4429 v

332 4514 508 4583 Athenaeus
530 4516 563 4581 Il
585 4536 619 4602 p.
643 4520 686 4582 43
709 4518 748 4586 D.
772 4503 1111 4601 Ἀριστόβουλος“
1095 4535 1114 4578 ο
1132 4497 1418 4596 Κασσανδρεός

292 4636 395 4701 utute
419 4620 452 4688 ἕν
478 4609 617 4710 Μιλήτῳ
644 4612 758 4740 κρήνην
784 4610 864 4685 εἰναι
889 4610 1064 4700 Ἀχίλλειον
1086 4610 1292 4701 καλοομίνρι,
1317 4602 1358 4701 ἧς
1378 4601 1417 4676 τό

289 4715 345 4797 aa
370 4723 472 4810 ῥεῦμα
499 4714 579 4791 εἰναι
611 4715 812 4809 γλοκόταιον,
840 4715 878 4788 τό
904 4710 935 4785 d'
964 4710 1144 4807 ἐφεστηκός
1171 4707 1328 4806 ἁλμυρόν·
1356 4704 1418 4800 αφ’
