3617 5892
288 2495 336 2557 ut
367 2496 557 2578 utrumque
584 2488 621 2555 in
647 2484 840 2579 majoribus
870 2508 1070 2556 numerasse
1099 2485 1193 2557 dieas
1214 2489 1408 2583 Amyntam

289 2612 415 2691 illum,
441 2632 548 2702 quem
560 2611 668 2705 vulgo
672 2612 841 2703 primam
852 2620 994 2690 vocant,
1020 2609 1245 2681 Macedoniae
1256 2612 1406 2708 Regem,

287 2758 361 2828 quo
383 2744 537 2827 tempore
559 2733 798 2829 Pisistratidas
821 2733 1034 2827 expulerunt
1056 2702 1301 2805 Athenienses.
1325 2736 1358 2806 V
1360 2736 1406 2805 id.

290 2856 458 2929 Herodot.
486 2857 530 2929 V.
557 2853 615 2927 94.

258 2981 262 2983 ‘
319 2982 409 3077 vSed
432 3006 503 3076 quo
526 2982 700 3076 propero?
726 2983 971 3054 Ptolemaeum
984 2995 1019 3054 et
1032 2981 1280 3057 Aristobulum
1293 3004 1409 3077 quum

289 3106 464 3177 declarem
497 3130 559 3177 cur
584 3109 665 3177 aliis
690 3104 885 3179 Alexandri
909 3106 1083 3180 historicis
1107 3107 1224 3179 studio
1247 3132 1325 3179 meo
1358 3108 1410 3179 di·

290 3232 429 3326 gniores
453 3235 669 3325 putaverim,
696 3244 770 3302 tam
790 3234 864 3302 late
879 3256 958 3302 sum
976 3236 1208 3327 exspatiatus,
1235 3244 1275 3303 ut
1299 3256 1410 3325 paene

289 3378 347 3423 me
380 3359 510 3448 ceperit
538 3354 696 3427 Charetis
727 3356 868 3427 oblivio.
906 3355 960 3425 De
991 3355 1058 3427 hoc
1078 3358 1191 3427 obiter
1216 3356 1411 3450 disputasse

291 3478 483 3549 Plehnium
509 3483 603 3551 nosti
624 3483 663 3557 in
688 3478 946 3549 Lesbieeoram
970 3480 1084 3565 libro;
1111 3479 1172 3549 sed
1196 3481 1309 3549 obiter
1332 3491 1410 3550 tan-

183 3654 186 3661 .
291 3615 378 3673 tum.
414 3604 597 3697 Reliquias
626 3593 883 3686 Historiarum,
909 3628 1000 3698 quae
1023 3602 1165 3675 Chareti
1193 3606 1327 3675 auctori
1349 3606 1409 3676 tri·

290 3729 466 3810 bnuntur,
493 3752 539 3798 ne
556 3730 726 3801 indicavit
741 3729 885 3823 quidem
906 3752 1046 3811 omnes,
1072 3728 1205 3799 nedum
1225 3728 1407 3811 collectas,

291 3854 461 3949 digestas,
493 3854 689 3924 illustratas
715 3856 753 3923 in
777 3838 877 3923 libro¹
893 3855 1055 3924 intexuit.
1083 3852 1258 3947 Equidem
1283 3852 1410 3925 Chare-

290 3988 378 4059 tem,
405 3979 434 4046 si
444 3977 626 4047 historicas
637 3978 760 4048 laudes
773 3988 988 4071 spectamus,
1008 3978 1213 4050 Ptolemaeo
1224 3990 1259 4049 et
1273 3975 1411 4046 Aristo-

291 4102 378 4176 bulo
402 4101 517 4171 multo
533 4101 677 4194 quidem
688 4104 903 4197 inferiorem,
931 4102 992 4172 sed
1004 4103 1276 4199 nonindignum
1292 4108 1411 4171 tamen
1520 4168 1525 4181 ,

288 4224 431 4318 judico,
457 4227 536 4318 qui,
564 4228 603 4295 in
622 4226 745 4296 eodem
759 4235 966 4321 argumento
987 4238 1163 4309 versatus,
1190 4248 1271 4297 eum
1284 4222 1410 4291 duum·
1509 4244 1533 4331 ᾗ

183 4401 184 4408 1
291 4352 373 4421 viris
400 4350 474 4417 illis
499 4361 739 4444 componatur.
766 4348 888 4444 Atque
912 4352 962 4420 ita
988 4352 1120 4422 factum
1143 4368 1224 4421 csse
1240 4349 1344 4429 scito,
1370 4361 1410 4419 ut

292 4475 496 4580 fragmentis
513 4471 684 4557 Charetis,
711 4477 807 4547 brevi
816 4476 1007 4568 praemissa
1021 4476 1065 4546 de
1074 4478 1148 4548 vita
1159 4476 1235 4565 ejus
1245 4483 1281 4543 et
1289 4472 1410 4545 Histo-

291 4599 352 4667 riis
375 4602 688 4679 commentatione,
715 4610 910 4670 extremum
934 4598 1008 4669 dari
1028 4603 1065 4669 in
1078 4598 1145 4669 hoc
1158 4598 1282 4671 libello
1293 4599 1411 4671 locum

289 4744 462 4813 Jusserrm.
