<?xml version="1.0" encoding="UTF-8"?>
<!DOCTYPE html PUBLIC "-//W3C//DTD XHTML 1.0 Transitional//EN"
    "http://www.w3.org/TR/xhtml1/DTD/xhtml1-transitional.dtd">
<html xmlns="http://www.w3.org/1999/xhtml" xml:lang="en" lang="en">
 <head>
  <title>
</title>
<meta http-equiv="Content-Type" content="text/html;charset=utf-8" />
  <meta name='ocr-system' content='tesseract 3.04.00' />
  <meta name='ocr-capabilities' content='ocr_page ocr_carea ocr_par ocr_line ocrx_word'/>
</head>
<body>
  <div class='ocr_page' id='page_1' title='image "./ptolemaeieordae00chargoog_0061.png"; bbox 0 0 3617 5892; ppageno 0'>
   <div class='ocr_carea' id='block_1_1' title="bbox 825 760 865 821">
    <p class='ocr_par' dir='ltr' id='par_1_1' title="bbox 825 760 865 821">
     <span class='ocr_line' id='line_1_1' title="bbox 825 760 865 821; baseline 0 0"><span class='ocrx_word' id='word_1_1' title='bbox 825 760 865 821; x_wconf 77' lang='lat'><em>37</em></span> 
     </span>
    </p>
   </div>
   <div class='ocr_carea' id='block_1_2' title="bbox 232 913 1450 1116">
    <p class='ocr_par' dir='ltr' id='par_1_2' title="bbox 232 913 1450 1116">
     <span class='ocr_line' id='line_1_2' title="bbox 281 913 1408 1021; baseline 0.009 -30"><span class='ocrx_word' id='word_1_2' title='bbox 281 917 409 1013; x_wconf 74' lang='grc' dir='ltr'><em>ἔφασαν</em></span> <span class='ocrx_word' id='word_1_3' title='bbox 425 922 459 998; x_wconf 86' lang='lat'><em>69</em></span> <span class='ocrx_word' id='word_1_4' title='bbox 478 946 516 991; x_wconf 88' lang='grc' dir='ltr'><em>το</em></span> <span class='ocrx_word' id='word_1_5' title='bbox 508 913 698 1013; x_wconf 79' lang='grc' dir='ltr'><em>τόλμημα,</em></span> <span class='ocrx_word' id='word_1_6' title='bbox 720 926 774 993; x_wconf 84' lang='grc' dir='ltr'><em>καλ</em></span> <span class='ocrx_word' id='word_1_7' title='bbox 798 928 1049 1014; x_wconf 85' lang='grc' dir='ltr'><em>Πτολεμαῖος</em></span> <span class='ocrx_word' id='word_1_8' title='bbox 1075 922 1232 1011; x_wconf 79' lang='grc' dir='ltr'><em>ῶσαντως</em></span> <span class='ocrx_word' id='word_1_9' title='bbox 1251 928 1352 1021; x_wconf 76' lang='grc' dir='ltr'><em>λέγει·</em></span> <span class='ocrx_word' id='word_1_10' title='bbox 1372 933 1408 1001; x_wconf 75' lang='grc' dir='ltr'><em>ολ</em></span> 
     </span>
     <span class='ocr_line' id='line_1_3' title="bbox 232 1017 1450 1116; baseline 0.006 -23"><span class='ocrx_word' id='word_1_11' title='bbox 232 1046 234 1051; x_wconf 93' lang='grc'><em>·</em></span> <span class='ocrx_word' id='word_1_12' title='bbox 281 1026 319 1093; x_wconf 81' lang='grc' dir='ltr'><em>δὲ</em></span> <span class='ocrx_word' id='word_1_13' title='bbox 338 1024 457 1093; x_wconf 71' lang='grc' dir='ltr'><em>πολλοὶ</em></span> <span class='ocrx_word' id='word_1_14' title='bbox 476 1017 518 1093; x_wconf 87' lang='lat'><em>06</em></span> <span class='ocrx_word' id='word_1_15' title='bbox 537 1048 639 1116; x_wconf 87' lang='grc' dir='ltr'><em>ταοτη</em></span> <span class='ocrx_word' id='word_1_16' title='bbox 651 1026 805 1115; x_wconf 79' lang='grc' dir='ltr'><em>λέγουσα</em></span> <span class='ocrx_word' id='word_1_17' title='bbox 1447 1026 1450 1033; x_wconf 77' lang='grc'><strong>’</strong></span> 
     </span>
    </p>
   </div>
   <div class='ocr_carea' id='block_1_3' title="bbox 325 1127 1405 1225">
    <p class='ocr_par' dir='ltr' id='par_1_3' title="bbox 325 1127 1405 1225">
     <span class='ocr_line' id='line_1_4' title="bbox 325 1127 1405 1225; baseline 0.006 -28"><span class='ocrx_word' id='word_1_18' title='bbox 325 1133 372 1197; x_wconf 79' lang='lat' dir='ltr'><em>De</em></span> <span class='ocrx_word' id='word_1_19' title='bbox 396 1130 457 1197; x_wconf 77' lang='lat' dir='ltr'><em>hac</em></span> <span class='ocrx_word' id='word_1_20' title='bbox 482 1127 611 1197; x_wconf 77' lang='grc' dir='ltr'><em>παίδων</em></span> <span class='ocrx_word' id='word_1_21' title='bbox 630 1128 867 1218; x_wconf 73' lang='grc' dir='ltr'><em>οοοβιιαῑίοοε,</em></span> <span class='ocrx_word' id='word_1_22' title='bbox 888 1138 938 1203; x_wconf 74' lang='lat' dir='ltr'><em>ini</em></span> <span class='ocrx_word' id='word_1_23' title='bbox 956 1137 998 1203; x_wconf 86' lang='grc' dir='ltr'><em>δε</em></span> <span class='ocrx_word' id='word_1_24' title='bbox 1015 1139 1176 1225; x_wconf 75' lang='lat' dir='ltr'><strong>supplicio</strong></span> <span class='ocrx_word' id='word_1_25' title='bbox 1191 1138 1405 1221; x_wconf 72' lang='lat' dir='ltr'><strong>Callisthenis,</strong></span> 
     </span>
    </p>
   </div>
   <div class='ocr_carea' id='block_1_4' title="bbox 280 1238 1407 1432">
    <p class='ocr_par' dir='ltr' id='par_1_4' title="bbox 280 1238 1407 1432">
     <span class='ocr_line' id='line_1_5' title="bbox 281 1238 1407 1331; baseline 0.007 -28"><span class='ocrx_word' id='word_1_26' title='bbox 281 1238 368 1325; x_wconf 88' lang='lat' dir='ltr'><strong>quod</strong></span> <span class='ocrx_word' id='word_1_27' title='bbox 379 1238 528 1326; x_wconf 79' lang='lat' dir='ltr'><strong>sequenti</strong></span> <span class='ocrx_word' id='word_1_28' title='bbox 542 1238 732 1324; x_wconf 78' lang='lat' dir='ltr'><strong>Fragmento</strong></span> <span class='ocrx_word' id='word_1_29' title='bbox 743 1254 962 1325; x_wconf 74' lang='lat' dir='ltr'><strong>memoratur,</strong></span> <span class='ocrx_word' id='word_1_30' title='bbox 979 1243 1225 1331; x_wconf 54' lang='lat' dir='ltr'><strong>disputationem</strong></span> <span class='ocrx_word' id='word_1_31' title='bbox 1240 1244 1350 1313; x_wconf 78' lang='lat' dir='ltr'>differo</span> <span class='ocrx_word' id='word_1_32' title='bbox 1366 1244 1407 1311; x_wconf 79' lang='lat' dir='ltr'><em>ad</em></span> 
     </span>
     <span class='ocr_line' id='line_1_6' title="bbox 280 1344 925 1432; baseline 0.011 -23"><span class='ocrx_word' id='word_1_33' title='bbox 280 1344 417 1411; x_wconf 79' lang='lat' dir='ltr'><strong>Aristob.</strong></span> <span class='ocrx_word' id='word_1_34' title='bbox 440 1346 567 1432; x_wconf 78' lang='lat' dir='ltr'><strong>Fragm.</strong></span> <span class='ocrx_word' id='word_1_35' title='bbox 587 1346 709 1415; x_wconf 81' lang='lat' dir='ltr'>XXVII</span> <span class='ocrx_word' id='word_1_36' title='bbox 729 1358 761 1411; x_wconf 80' lang='grc' dir='ltr'><em>ει</em></span> <span class='ocrx_word' id='word_1_37' title='bbox 775 1348 925 1418; x_wconf 82' lang='lat' dir='ltr'><strong>xxvffl.</strong></span> 
     </span>
    </p>
   </div>
   <div class='ocr_carea' id='block_1_5' title="bbox 808 1590 878 1661">
    <p class='ocr_par' dir='ltr' id='par_1_5' title="bbox 808 1590 878 1661">
     <span class='ocr_line' id='line_1_7' title="bbox 808 1590 878 1661; baseline 0.057 -5"><span class='ocrx_word' id='word_1_38' title='bbox 808 1590 878 1661; x_wconf 82' lang='lat' dir='ltr'><em>XV.</em></span> 
     </span>
    </p>
   </div>
   <div class='ocr_carea' id='block_1_6' title="bbox 277 1771 1431 2173">
    <p class='ocr_par' dir='ltr' id='par_1_6' title="bbox 277 1771 1431 2173">
     <span class='ocr_line' id='line_1_8' title="bbox 277 1771 1431 1870; baseline 0.004 -25"><span class='ocrx_word' id='word_1_39' title='bbox 277 1788 281 1807; x_wconf 76' lang='lat'><strong>¹</strong></span> <span class='ocrx_word' id='word_1_40' title='bbox 324 1779 452 1845; x_wconf 76' lang='lat' dir='ltr'><strong>Arrian.</strong></span> <span class='ocrx_word' id='word_1_41' title='bbox 478 1778 534 1847; x_wconf 87' lang='lat' dir='ltr'><em>lv.</em></span> <span class='ocrx_word' id='word_1_42' title='bbox 561 1782 613 1845; x_wconf 80' lang='lat'><em>14.</em></span> <span class='ocrx_word' id='word_1_43' title='bbox 641 1782 673 1845; x_wconf 87' lang='grc'><em>3.</em></span> <span class='ocrx_word' id='word_1_44' title='bbox 704 1777 927 1868; x_wconf 73' lang='grc' dir='ltr'><strong><em>Καλλισθένην</em></strong></span> <span class='ocrx_word' id='word_1_45' title='bbox 956 1771 1211 1870; x_wconf 82' lang='grc' dir='ltr'><em>Ἀριστόβουλος</em></span> <span class='ocrx_word' id='word_1_46' title='bbox 1238 1779 1297 1865; x_wconf 79' lang='grc' dir='ltr'><em>μὲν</em></span> <span class='ocrx_word' id='word_1_47' title='bbox 1324 1778 1431 1868; x_wconf 80' lang='grc' dir='ltr'><em>λέγει,</em></span> 
     </span>
     <span class='ocr_line' id='line_1_9' title="bbox 280 1872 1408 1974; baseline -0.001 -26"><span class='ocrx_word' id='word_1_48' title='bbox 280 1880 450 1965; x_wconf 75' lang='grc' dir='ltr'><em>δεδεμένον</em></span> <span class='ocrx_word' id='word_1_49' title='bbox 469 1878 501 1947; x_wconf 77' lang='grc' dir='ltr'><em>ἐν</em></span> <span class='ocrx_word' id='word_1_50' title='bbox 521 1879 637 1957; x_wconf 83' lang='grc' dir='ltr'><em>πέδαις</em></span> <span class='ocrx_word' id='word_1_51' title='bbox 658 1872 942 1970; x_wconf 76' lang='grc' dir='ltr'><em>ξυμπεριάγεσθαι</em></span> <span class='ocrx_word' id='word_1_52' title='bbox 961 1883 1004 1971; x_wconf 83' lang='grc' dir='ltr'><em>τῇ</em></span> <span class='ocrx_word' id='word_1_53' title='bbox 1024 1884 1173 1974; x_wconf 75' lang='grc' dir='ltr'><em>στρατιᾷ,</em></span> <span class='ocrx_word' id='word_1_54' title='bbox 1192 1878 1308 1950; x_wconf 81' lang='grc' dir='ltr'><em>ἔπειτα</em></span> <span class='ocrx_word' id='word_1_55' title='bbox 1322 1874 1408 1968; x_wconf 88' lang='grc' dir='ltr'><em>νόσῳ</em></span> 
     </span>
     <span class='ocr_line' id='line_1_10' title="bbox 279 1975 1410 2076; baseline 0 -27"><span class='ocrx_word' id='word_1_56' title='bbox 279 1984 479 2074; x_wconf 71' lang='grc' dir='ltr'><em>τελευτῆσαι·</em></span> <span class='ocrx_word' id='word_1_57' title='bbox 511 1984 763 2069; x_wconf 85' lang='grc' dir='ltr'><em>Πτολεμαῖος</em></span> <span class='ocrx_word' id='word_1_58' title='bbox 797 1983 835 2050; x_wconf 84' lang='grc' dir='ltr'><em>δὲ</em></span> <span class='ocrx_word' id='word_1_59' title='bbox 861 1975 880 2052; x_wconf 92' lang='lat'><em>6</em></span> <span class='ocrx_word' id='word_1_60' title='bbox 911 1977 1046 2072; x_wconf 85' lang='lat' dir='ltr'><em>A6yov</em></span> <span class='ocrx_word' id='word_1_61' title='bbox 1080 1976 1329 2076; x_wconf 68' lang='grc' dir='ltr'><em>στρεβλωθέντα</em></span> <span class='ocrx_word' id='word_1_62' title='bbox 1356 1983 1410 2050; x_wconf 86' lang='grc' dir='ltr'><em>καλ</em></span> 
     </span>
     <span class='ocr_line' id='line_1_11' title="bbox 278 2076 716 2173; baseline 0.009 -23"><span class='ocrx_word' id='word_1_63' title='bbox 278 2076 507 2173; x_wconf 70' lang='grc' dir='ltr'><em>κρεμασθέντα</em></span> <span class='ocrx_word' id='word_1_64' title='bbox 527 2078 716 2155; x_wconf 82' lang='grc' dir='ltr'><em>άποθανεῖν.</em></span> 
     </span>
    </p>
   </div>
   <div class='ocr_carea' id='block_1_7' title="bbox 694 2312 887 2383">
    <p class='ocr_par' dir='ltr' id='par_1_7' title="bbox 694 2312 887 2383">
     <span class='ocr_line' id='line_1_12' title="bbox 694 2312 887 2383; baseline 0.026 -7"><span class='ocrx_word' id='word_1_65' title='bbox 694 2317 697 2325; x_wconf 87' lang='grc'><em>“</em></span> <span class='ocrx_word' id='word_1_66' title='bbox 800 2312 887 2383; x_wconf 85' lang='lat' dir='ltr'><strong>xvl.</strong></span> 
     </span>
    </p>
   </div>
   <div class='ocr_carea' id='block_1_8' title="bbox 248 2490 1472 4851">
    <p class='ocr_par' dir='ltr' id='par_1_8' title="bbox 248 2490 1472 4851">
     <span class='ocr_line' id='line_1_13' title="bbox 297 2490 1412 2590; baseline 0.002 -24"><span class='ocrx_word' id='word_1_67' title='bbox 297 2500 451 2582; x_wconf 39' lang='lat' dir='ltr'>„Arriam</span> <span class='ocrx_word' id='word_1_68' title='bbox 474 2498 528 2568; x_wconf 86' lang='lat' dir='ltr'><em>lv.</em></span> <span class='ocrx_word' id='word_1_69' title='bbox 553 2499 608 2565; x_wconf 83' lang='lat'><em>24.</em></span> <span class='ocrx_word' id='word_1_70' title='bbox 632 2501 652 2565; x_wconf 80' lang='lat'><strong>3</strong></span> <span class='ocrx_word' id='word_1_71' title='bbox 678 2535 719 2548; x_wconf 90' lang='lat'>—</span> <span class='ocrx_word' id='word_1_72' title='bbox 741 2501 797 2568; x_wconf 81' lang='lat'><em>25.</em></span> <span class='ocrx_word' id='word_1_73' title='bbox 823 2505 856 2569; x_wconf 87' lang='lat'><em>4.</em></span> <span class='ocrx_word' id='word_1_74' title='bbox 883 2493 946 2567; x_wconf 83' lang='grc' dir='ltr'><em>Τόν</em></span> <span class='ocrx_word' id='word_1_75' title='bbox 961 2494 1101 2589; x_wconf 76' lang='grc' dir='ltr'><em>ἡγεμόνα</em></span> <span class='ocrx_word' id='word_1_76' title='bbox 1118 2495 1217 2571; x_wconf 79' lang='grc' dir='ltr'><em>αότδν</em></span> <span class='ocrx_word' id='word_1_77' title='bbox 1231 2490 1412 2590; x_wconf 78' lang='grc' dir='ltr'><em>τῶνταότῃ</em></span> 
     </span>
     <span class='ocr_line' id='line_1_14' title="bbox 276 2592 1415 2695; baseline -0.004 -22"><span class='ocrx_word' id='word_1_78' title='bbox 276 2598 380 2673; x_wconf 81' lang='grc' dir='ltr'><em>Ἰνδῶν</em></span> <span class='ocrx_word' id='word_1_79' title='bbox 407 2602 659 2687; x_wconf 85' lang='grc' dir='ltr'><em>Πτολεμαῖος</em></span> <span class='ocrx_word' id='word_1_80' title='bbox 684 2592 703 2669; x_wconf 93' lang='lat'><em>6</em></span> <span class='ocrx_word' id='word_1_81' title='bbox 732 2592 866 2689; x_wconf 82' lang='lat' dir='ltr'><em>A6yov</em></span> <span class='ocrx_word' id='word_1_82' title='bbox 895 2594 983 2692; x_wconf 88' lang='grc' dir='ltr'><em>πρός</em></span> <span class='ocrx_word' id='word_1_83' title='bbox 1008 2628 1070 2670; x_wconf 91' lang='grc' dir='ltr'><em>τινι</em></span> <span class='ocrx_word' id='word_1_84' title='bbox 1097 2596 1159 2693; x_wconf 79' lang='grc' dir='ltr'><em>ἤδη</em></span> <span class='ocrx_word' id='word_1_85' title='bbox 1180 2595 1315 2695; x_wconf 82' lang='grc' dir='ltr'><em>γηλόφῳ</em></span> <span class='ocrx_word' id='word_1_86' title='bbox 1338 2594 1415 2670; x_wconf 80' lang='grc' dir='ltr'><em>ὄντα</em></span> 
     </span>
     <span class='ocr_line' id='line_1_15' title="bbox 277 2696 1416 2794; baseline -0.002 -23"><span class='ocrx_word' id='word_1_87' title='bbox 277 2696 426 2786; x_wconf 86' lang='grc' dir='ltr'><em>κατιδῶν,</em></span> <span class='ocrx_word' id='word_1_88' title='bbox 449 2703 502 2770; x_wconf 86' lang='grc' dir='ltr'><em>καλ</em></span> <span class='ocrx_word' id='word_1_89' title='bbox 524 2706 589 2772; x_wconf 86' lang='grc' dir='ltr'><em>τῶν</em></span> <span class='ocrx_word' id='word_1_90' title='bbox 610 2698 826 2771; x_wconf 73' lang='grc' dir='ltr'><em>ὑπασπιστῶν</em></span> <span class='ocrx_word' id='word_1_91' title='bbox 848 2699 935 2771; x_wconf 78' lang='grc' dir='ltr'><em>ἔστιν</em></span> <span class='ocrx_word' id='word_1_92' title='bbox 956 2696 1014 2781; x_wconf 86' lang='lat'><em>069</em></span> <span class='ocrx_word' id='word_1_93' title='bbox 1030 2696 1115 2794; x_wconf 79' lang='grc' dir='ltr'><em>ἄμφ’</em></span> <span class='ocrx_word' id='word_1_94' title='bbox 1130 2698 1236 2787; x_wconf 82' lang='grc' dir='ltr'><em>αότδν,</em></span> <span class='ocrx_word' id='word_1_95' title='bbox 1254 2698 1311 2784; x_wconf 85' lang='grc' dir='ltr'><em>ξδν</em></span> <span class='ocrx_word' id='word_1_96' title='bbox 1328 2696 1416 2770; x_wconf 81' lang='grc' dir='ltr'><em>πολδ</em></span> 
     </span>
     <span class='ocr_line' id='line_1_16' title="bbox 277 2796 1416 2893; baseline -0.004 -18"><span class='ocrx_word' id='word_1_97' title='bbox 277 2796 447 2875; x_wconf 76' lang='grc' dir='ltr'><em>ἐλάττοσιν</em></span> <span class='ocrx_word' id='word_1_98' title='bbox 472 2799 572 2884; x_wconf 81' lang='grc' dir='ltr'><em>αότδς</em></span> <span class='ocrx_word' id='word_1_99' title='bbox 602 2801 655 2891; x_wconf 83' lang='grc' dir='ltr'><em>ῶν,</em></span> <span class='ocrx_word' id='word_1_100' title='bbox 670 2800 774 2893; x_wconf 81' lang='grc' dir='ltr'><em>όμως</em></span> <span class='ocrx_word' id='word_1_101' title='bbox 800 2806 930 2875; x_wconf 77' lang='grc' dir='ltr'><em>ἐδίωκεν</em></span> <span class='ocrx_word' id='word_1_102' title='bbox 949 2802 1008 2878; x_wconf 76' lang='grc' dir='ltr'><em>Ιἔτι</em></span> <span class='ocrx_word' id='word_1_103' title='bbox 1032 2805 1067 2873; x_wconf 78' lang='grc' dir='ltr'><em>ἐκ</em></span> <span class='ocrx_word' id='word_1_104' title='bbox 1087 2808 1147 2874; x_wconf 81' lang='grc' dir='ltr'><em>τοῦ</em></span> <span class='ocrx_word' id='word_1_105' title='bbox 1167 2805 1290 2873; x_wconf 83' lang='grc' dir='ltr'><em>ἵππου·</em></span> <span class='ocrx_word' id='word_1_106' title='bbox 1312 2800 1416 2882; x_wconf 87' lang='lat'><em>6966</em></span> 
     </span>
     <span class='ocr_line' id='line_1_17' title="bbox 279 2898 1416 3028; baseline -0.001 -53"><span class='ocrx_word' id='word_1_107' title='bbox 279 2902 425 2996; x_wconf 83' lang='grc' dir='ltr'><em>χαλεπός</em></span> <span class='ocrx_word' id='word_1_108' title='bbox 447 2902 467 2978; x_wconf 94' lang='lat'><em>6</em></span> <span class='ocrx_word' id='word_1_109' title='bbox 488 2901 635 3002; x_wconf 73' lang='grc' dir='ltr'><em>γήλοφος</em></span> <span class='ocrx_word' id='word_1_110' title='bbox 655 2910 705 2997; x_wconf 79' lang='grc' dir='ltr'><em>τῶ</em></span> <span class='ocrx_word' id='word_1_111' title='bbox 724 2908 820 2996; x_wconf 76' lang='grc' dir='ltr'><em>ἵππῳ</em></span> <span class='ocrx_word' id='word_1_112' title='bbox 840 2898 1094 2999; x_wconf 77' lang='grc' dir='ltr'><em>άναδραμεῖνῆν,</em></span> <span class='ocrx_word' id='word_1_113' title='bbox 1110 2911 1226 3028; x_wconf 81' lang='grc' dir='ltr'><em>τφῦτον</em></span> <span class='ocrx_word' id='word_1_114' title='bbox 1239 2906 1298 2993; x_wconf 79' lang='grc' dir='ltr'><em>μὲν</em></span> <span class='ocrx_word' id='word_1_115' title='bbox 1316 2900 1416 2975; x_wconf 74' lang='grc' dir='ltr'><em>αὑτοῦ</em></span> 
     </span>
     <span class='ocr_line' id='line_1_18' title="bbox 277 3002 1414 3132; baseline -0.002 -53"><span class='ocrx_word' id='word_1_116' title='bbox 277 3012 483 3095; x_wconf 86' lang='grc' dir='ltr'><em>καταλείπει,</em></span> <span class='ocrx_word' id='word_1_117' title='bbox 511 3004 684 3103; x_wconf 74' lang='grc' dir='ltr'><em>παραδούς</em></span> <span class='ocrx_word' id='word_1_118' title='bbox 708 3038 770 3081; x_wconf 89' lang='grc' dir='ltr'><em>τινι</em></span> <span class='ocrx_word' id='word_1_119' title='bbox 790 3013 854 3079; x_wconf 91' lang='grc' dir='ltr'><em>τῶν</em></span> <span class='ocrx_word' id='word_1_120' title='bbox 879 3004 1095 3079; x_wconf 73' lang='grc' dir='ltr'><em>ὑπασπιστῶν</em></span> <span class='ocrx_word' id='word_1_121' title='bbox 1116 3004 1218 3132; x_wconf 81' lang='grc' dir='ltr'><em>άγειν·</em></span> <span class='ocrx_word' id='word_1_122' title='bbox 1244 3002 1342 3087; x_wconf 81' lang='grc' dir='ltr'><em>αότός</em></span> <span class='ocrx_word' id='word_1_123' title='bbox 1364 3008 1414 3091; x_wconf 87' lang='lat'><em>66,</em></span> 
     </span>
     <span class='ocr_line' id='line_1_19' title="bbox 279 3105 1416 3205; baseline -0.004 -23"><span class='ocrx_word' id='word_1_124' title='bbox 279 3140 328 3193; x_wconf 91' lang='grc' dir='ltr'><em>ως</em></span> <span class='ocrx_word' id='word_1_125' title='bbox 340 3109 421 3201; x_wconf 86' lang='grc' dir='ltr'><em>ειχε</em></span> <span class='ocrx_word' id='word_1_126' title='bbox 439 3110 545 3196; x_wconf 85' lang='grc' dir='ltr'><em>πεζος</em></span> <span class='ocrx_word' id='word_1_127' title='bbox 556 3140 603 3202; x_wconf 90' lang='grc' dir='ltr'><em>τῳ</em></span> <span class='ocrx_word' id='word_1_128' title='bbox 590 3110 708 3203; x_wconf 80' lang='grc' dir='ltr'><em>Ἰνδῶ</em></span> <span class='ocrx_word' id='word_1_129' title='bbox 730 3116 852 3185; x_wconf 81' lang='grc' dir='ltr'><em>εἵπετο.</em></span> <span class='ocrx_word' id='word_1_130' title='bbox 873 3108 969 3199; x_wconf 84' lang='grc' dir='ltr'><em>Ὁδὲ,</em></span> <span class='ocrx_word' id='word_1_131' title='bbox 992 3107 1038 3191; x_wconf 90' lang='grc' dir='ltr'><em>ῶς</em></span> <span class='ocrx_word' id='word_1_132' title='bbox 1059 3105 1243 3195; x_wconf 86' lang='grc' dir='ltr'><em>πελάζοντα</em></span> <span class='ocrx_word' id='word_1_133' title='bbox 1260 3106 1323 3205; x_wconf 75' lang='grc' dir='ltr'><em>ἤδη</em></span> <span class='ocrx_word' id='word_1_134' title='bbox 1340 3135 1416 3178; x_wconf 89' lang='grc' dir='ltr'><em>κατ-</em></span> 
     </span>
     <span class='ocr_line' id='line_1_20' title="bbox 279 3174 1449 3303; baseline -0.004 -18"><span class='ocrx_word' id='word_1_135' title='bbox 279 3222 350 3287; x_wconf 81' lang='grc' dir='ltr'><em>εῖδε</em></span> <span class='ocrx_word' id='word_1_136' title='bbox 376 3214 446 3287; x_wconf 90' lang='grc' dir='ltr'><em>τδν</em></span> <span class='ocrx_word' id='word_1_137' title='bbox 472 3218 737 3303; x_wconf 85' lang='grc' dir='ltr'><em>Πτολεμαῖον,</em></span> <span class='ocrx_word' id='word_1_138' title='bbox 764 3208 862 3294; x_wconf 79' lang='grc' dir='ltr'><em>αὐτός</em></span> <span class='ocrx_word' id='word_1_139' title='bbox 887 3241 925 3284; x_wconf 84' lang='grc' dir='ltr'><em>τε</em></span> <span class='ocrx_word' id='word_1_140' title='bbox 955 3197 1194 3302; x_wconf 80' lang='grc' dir='ltr'><em>μεταβάλλει’</em></span> <span class='ocrx_word' id='word_1_141' title='bbox 1176 3241 1210 3296; x_wconf 86' lang='grc' dir='ltr'><em>ες</em></span> <span class='ocrx_word' id='word_1_142' title='bbox 1235 3174 1449 3301; x_wconf 71' lang='grc' dir='ltr'><em>τοόμπαλιδ·</em></span> 
     </span>
     <span class='ocr_line' id='line_1_21' title="bbox 268 3312 1416 3406; baseline -0.007 -17"><span class='ocrx_word' id='word_1_143' title='bbox 268 3322 389 3389; x_wconf 74' lang='grc' dir='ltr'><em>’καλς</em></span> <span class='ocrx_word' id='word_1_144' title='bbox 357 3346 390 3389; x_wconf 91' lang='grc' dir='ltr'><em>οι</em></span> <span class='ocrx_word' id='word_1_145' title='bbox 409 3315 617 3389; x_wconf 77' lang='grc' dir='ltr'><em>ὑπασπισταὶ</em></span> <span class='ocrx_word' id='word_1_146' title='bbox 637 3314 693 3401; x_wconf 80' lang='grc' dir='ltr'><em>ξδν</em></span> <span class='ocrx_word' id='word_1_147' title='bbox 714 3312 813 3406; x_wconf 76' lang='grc' dir='ltr'><em>αὐτῷ.</em></span> <span class='ocrx_word' id='word_1_148' title='bbox 841 3318 908 3387; x_wconf 85' lang='grc' dir='ltr'><em>Καὶ</em></span> <span class='ocrx_word' id='word_1_149' title='bbox 931 3313 950 3386; x_wconf 95' lang='lat'><em>6</em></span> <span class='ocrx_word' id='word_1_150' title='bbox 974 3318 1032 3402; x_wconf 80' lang='grc' dir='ltr'><em>μὲν</em></span> <span class='ocrx_word' id='word_1_151' title='bbox 1056 3313 1151 3396; x_wconf 82' lang='grc' dir='ltr'><em>Ἰνδδς</em></span> <span class='ocrx_word' id='word_1_152' title='bbox 1175 3320 1247 3386; x_wconf 80' lang='grc' dir='ltr'><em>τοῦ</em></span> <span class='ocrx_word' id='word_1_153' title='bbox 1273 3316 1416 3385; x_wconf 87' lang='grc' dir='ltr'><em>Πτολε</em></span> 
     </span>
     <span class='ocr_line' id='line_1_22' title="bbox 248 3413 1419 3536; baseline -0.007 -45"><span class='ocrx_word' id='word_1_154' title='bbox 248 3463 251 3472; x_wconf 48' lang='lat' dir='ltr'>v</span> <span class='ocrx_word' id='word_1_155' title='bbox 279 3424 404 3511; x_wconf 85' lang='grc' dir='ltr'><em>μαλου</em></span> <span class='ocrx_word' id='word_1_156' title='bbox 427 3418 521 3492; x_wconf 81' lang='grc' dir='ltr'><em>διδ</em></span> <span class='ocrx_word' id='word_1_157' title='bbox 501 3448 560 3491; x_wconf 88' lang='grc' dir='ltr'><em>τον</em></span> <span class='ocrx_word' id='word_1_158' title='bbox 547 3413 737 3511; x_wconf 81' lang='grc' dir='ltr'><em>θώρακος</em></span> <span class='ocrx_word' id='word_1_159' title='bbox 756 3418 889 3489; x_wconf 78' lang='grc' dir='ltr'><em>παίει’</em></span> <span class='ocrx_word' id='word_1_160' title='bbox 871 3446 907 3487; x_wconf 84' lang='grc' dir='ltr'><em>εκ</em></span> <span class='ocrx_word' id='word_1_161' title='bbox 922 3420 1032 3510; x_wconf 85' lang='grc' dir='ltr'><em>χειρός</em></span> <span class='ocrx_word' id='word_1_162' title='bbox 1054 3421 1088 3496; x_wconf 85' lang='lat'><em>69</em></span> <span class='ocrx_word' id='word_1_163' title='bbox 1104 3415 1143 3488; x_wconf 84' lang='grc' dir='ltr'><em>τό</em></span> <span class='ocrx_word' id='word_1_164' title='bbox 1163 3421 1288 3509; x_wconf 83' lang='grc' dir='ltr'><em>στῆθος</em></span> <span class='ocrx_word' id='word_1_165' title='bbox 1308 3417 1419 3536; x_wconf 77' lang='grc' dir='ltr'><em>ξοστρῖ</em></span> 
     </span>
     <span class='ocr_line' id='line_1_23' title="bbox 277 3512 1418 3647; baseline -0.008 -52"><span class='ocrx_word' id='word_1_166' title='bbox 277 3528 406 3647; x_wconf 76' lang='grc' dir='ltr'><em>μακρῷ,</em></span> <span class='ocrx_word' id='word_1_167' title='bbox 426 3526 482 3593; x_wconf 90' lang='grc' dir='ltr'><em>καλ</em></span> <span class='ocrx_word' id='word_1_168' title='bbox 506 3516 696 3615; x_wconf 83' lang='grc' dir='ltr'><em>όθῶραξ’</em></span> <span class='ocrx_word' id='word_1_169' title='bbox 682 3520 758 3609; x_wconf 86' lang='grc' dir='ltr'><em>εσχε</em></span> <span class='ocrx_word' id='word_1_170' title='bbox 771 3549 828 3615; x_wconf 91' lang='grc' dir='ltr'><em>την</em></span> <span class='ocrx_word' id='word_1_171' title='bbox 844 3514 984 3612; x_wconf 86' lang='grc' dir='ltr'><em>πληγην</em></span> <span class='ocrx_word' id='word_1_172' title='bbox 1013 3522 1266 3607; x_wconf 86' lang='grc' dir='ltr'><em>Πτολεμαῖος</em></span> <span class='ocrx_word' id='word_1_173' title='bbox 1289 3519 1340 3602; x_wconf 87' lang='lat'><em>66,</em></span> <span class='ocrx_word' id='word_1_174' title='bbox 1362 3512 1418 3587; x_wconf 81' lang='grc' dir='ltr'><em>τόν</em></span> 
     </span>
     <span class='ocr_line' id='line_1_24' title="bbox 278 3614 1419 3752; baseline -0.006 -54"><span class='ocrx_word' id='word_1_175' title='bbox 278 3625 385 3752; x_wconf 82' lang='grc' dir='ltr'><em>μηρόν</em></span> <span class='ocrx_word' id='word_1_176' title='bbox 409 3620 557 3714; x_wconf 81' lang='grc' dir='ltr'><em>διαμπάξ</em></span> <span class='ocrx_word' id='word_1_177' title='bbox 582 3621 692 3712; x_wconf 82' lang='grc' dir='ltr'><em>βολῶν</em></span> <span class='ocrx_word' id='word_1_178' title='bbox 716 3626 782 3694; x_wconf 82' lang='grc' dir='ltr'><em>τοῦ</em></span> <span class='ocrx_word' id='word_1_179' title='bbox 798 3621 903 3708; x_wconf 77' lang='grc' dir='ltr'><em>Ἰνδοῦ,</em></span> <span class='ocrx_word' id='word_1_180' title='bbox 926 3616 1119 3709; x_wconf 79' lang='grc' dir='ltr'><em>καταβάλλει</em></span> <span class='ocrx_word' id='word_1_181' title='bbox 1139 3646 1176 3690; x_wconf 87' lang='grc' dir='ltr'><em>τε</em></span> <span class='ocrx_word' id='word_1_182' title='bbox 1184 3622 1254 3743; x_wconf 84' lang='grc' dir='ltr'><em>καλ</em></span> <span class='ocrx_word' id='word_1_183' title='bbox 1272 3614 1419 3691; x_wconf 74' lang='grc' dir='ltr'><em>σκαλεύει</em></span> 
     </span>
     <span class='ocr_line' id='line_1_25' title="bbox 279 3719 1416 3854; baseline -0.007 -52"><span class='ocrx_word' id='word_1_184' title='bbox 279 3726 388 3802; x_wconf 74' lang='grc' dir='ltr'><em>αὐτόν.</em></span> <span class='ocrx_word' id='word_1_185' title='bbox 409 3725 462 3810; x_wconf 85' lang='grc' dir='ltr'><em>Ὠς</em></span> <span class='ocrx_word' id='word_1_186' title='bbox 484 3730 521 3800; x_wconf 90' lang='lat'><em>66</em></span> <span class='ocrx_word' id='word_1_187' title='bbox 541 3725 599 3798; x_wconf 87' lang='grc' dir='ltr'><em>τόν</em></span> <span class='ocrx_word' id='word_1_188' title='bbox 619 3720 758 3853; x_wconf 78' lang='grc' dir='ltr'><em>ἡγεμόνα</em></span> <span class='ocrx_word' id='word_1_189' title='bbox 779 3730 953 3854; x_wconf 77' lang='grc' dir='ltr'><em>σφῶνι</em></span> <span class='ocrx_word' id='word_1_190' title='bbox 890 3728 953 3813; x_wconf 76' lang='grc' dir='ltr'><em>κεόγ</em></span> <span class='ocrx_word' id='word_1_191' title='bbox 953 3752 1034 3796; x_wconf 82' lang='grc' dir='ltr'><em>ιενον</em></span> <span class='ocrx_word' id='word_1_192' title='bbox 1057 3726 1088 3795; x_wconf 80' lang='grc' dir='ltr'><em>οἱ</em></span> <span class='ocrx_word' id='word_1_193' title='bbox 1109 3719 1194 3818; x_wconf 75' lang='grc' dir='ltr'><em>ἄμφ’</em></span> <span class='ocrx_word' id='word_1_194' title='bbox 1203 3719 1307 3794; x_wconf 84' lang='grc' dir='ltr'><em>αιἰτδν</em></span> <span class='ocrx_word' id='word_1_195' title='bbox 1321 3720 1416 3807; x_wconf 74' lang='grc' dir='ltr'><em>εἶδον,</em></span> 
     </span>
     <span class='ocr_line' id='line_1_26' title="bbox 278 3819 1419 3953; baseline -0.011 -46"><span class='ocrx_word' id='word_1_196' title='bbox 278 3829 373 3907; x_wconf 80' lang='grc' dir='ltr'><em>οὗτοι</em></span> <span class='ocrx_word' id='word_1_197' title='bbox 401 3835 460 3923; x_wconf 81' lang='grc' dir='ltr'><em>μὲν</em></span> <span class='ocrx_word' id='word_1_198' title='bbox 490 3825 599 3902; x_wconf 76' lang='grc' dir='ltr'><em>οόκὲτι</em></span> <span class='ocrx_word' id='word_1_199' title='bbox 628 3830 754 3953; x_wconf 79' lang='grc' dir='ltr'><em>ἐμενογ·</em></span> <span class='ocrx_word' id='word_1_200' title='bbox 783 3832 814 3900; x_wconf 81' lang='grc' dir='ltr'><em>οἱ</em></span> <span class='ocrx_word' id='word_1_201' title='bbox 839 3830 933 3915; x_wconf 89' lang='lat'><em>66,’</em></span> <span class='ocrx_word' id='word_1_202' title='bbox 915 3855 950 3899; x_wconf 84' lang='grc' dir='ltr'><em>εκ</em></span> <span class='ocrx_word' id='word_1_203' title='bbox 976 3832 1040 3897; x_wconf 92' lang='grc' dir='ltr'><em>τῶν</em></span> <span class='ocrx_word' id='word_1_204' title='bbox 1065 3822 1152 3920; x_wconf 83' lang='grc' dir='ltr'><em>δρῶν</em></span> <span class='ocrx_word' id='word_1_205' title='bbox 1173 3819 1342 3919; x_wconf 83' lang='grc' dir='ltr'><em>αἰρόμενον</em></span> <span class='ocrx_word' id='word_1_206' title='bbox 1361 3823 1419 3896; x_wconf 82' lang='grc' dir='ltr'><em>τόν</em></span> 
     </span>
     <span class='ocr_line' id='line_1_27' title="bbox 278 3925 1418 4053; baseline -0.012 -44"><span class='ocrx_word' id='word_1_207' title='bbox 278 3935 394 4030; x_wconf 85' lang='grc' dir='ltr'><em>νεκρόν</em></span> <span class='ocrx_word' id='word_1_208' title='bbox 415 3938 477 4005; x_wconf 83' lang='grc' dir='ltr'><em>τοῦ</em></span> <span class='ocrx_word' id='word_1_209' title='bbox 497 3928 648 4026; x_wconf 76' lang='grc' dir='ltr'><em>ὑπάρχου</em></span> <span class='ocrx_word' id='word_1_210' title='bbox 675 3925 798 4012; x_wconf 81' lang='grc' dir='ltr'><em>ἰδόντες</em></span> <span class='ocrx_word' id='word_1_211' title='bbox 818 3927 906 4024; x_wconf 86' lang='grc' dir='ltr'><em>πρός</em></span> <span class='ocrx_word' id='word_1_212' title='bbox 929 3934 995 4001; x_wconf 90' lang='grc' dir='ltr'><em>τῶν</em></span> <span class='ocrx_word' id='word_1_213' title='bbox 1020 3932 1193 4017; x_wconf 80' lang='grc' dir='ltr'><em>πολεμίων,</em></span> <span class='ocrx_word' id='word_1_214' title='bbox 1219 3925 1358 4053; x_wconf 83' lang='grc' dir='ltr'><em>η’λγησάν</em></span> <span class='ocrx_word' id='word_1_215' title='bbox 1381 3953 1418 3996; x_wconf 84' lang='grc' dir='ltr'><em>τε</em></span> 
     </span>
     <span class='ocr_line' id='line_1_28' title="bbox 279 4026 1419 4157; baseline -0.011 -45"><span class='ocrx_word' id='word_1_216' title='bbox 279 4042 337 4111; x_wconf 87' lang='grc' dir='ltr'><em>καλ</em></span> <span class='ocrx_word' id='word_1_217' title='bbox 357 4030 616 4131; x_wconf 87' lang='grc' dir='ltr'><em>καταδραμόντες</em></span> <span class='ocrx_word' id='word_1_218' title='bbox 637 4030 885 4157; x_wconf 84' lang='grc' dir='ltr'><em>ξρνάπτοοσιν’</em></span> <span class='ocrx_word' id='word_1_219' title='bbox 868 4030 921 4105; x_wconf 84' lang='grc' dir='ltr'><em>επ’</em></span> <span class='ocrx_word' id='word_1_220' title='bbox 937 4030 1028 4123; x_wconf 79' lang='grc' dir='ltr'><em>αὐτῷ</em></span> <span class='ocrx_word' id='word_1_221' title='bbox 1041 4027 1145 4125; x_wconf 84' lang='grc' dir='ltr'><em>μάχην</em></span> <span class='ocrx_word' id='word_1_222' title='bbox 1159 4030 1330 4157; x_wconf 81' lang='grc' dir='ltr'><em>καρτεράν</em></span> <span class='ocrx_word' id='word_1_223' title='bbox 1332 4026 1419 4122; x_wconf 79' lang='grc' dir='ltr'><em>πρός</em></span> 
     </span>
     <span class='ocr_line' id='line_1_29' title="bbox 279 4131 1419 4261; baseline -0.011 -48"><span class='ocrx_word' id='word_1_224' title='bbox 279 4146 332 4231; x_wconf 82' lang='grc' dir='ltr'><em>τῶ</em></span> <span class='ocrx_word' id='word_1_225' title='bbox 357 4136 504 4234; x_wconf 82' lang='grc' dir='ltr'><em>γηλόφῳ.</em></span> <span class='ocrx_word' id='word_1_226' title='bbox 526 4134 611 4261; x_wconf 74' lang='grc' dir='ltr'><em>Ἤδη</em></span> <span class='ocrx_word' id='word_1_227' title='bbox 634 4135 695 4232; x_wconf 78' lang='grc' dir='ltr'><em>γάρ</em></span> <span class='ocrx_word' id='word_1_228' title='bbox 727 4140 782 4207; x_wconf 87' lang='grc' dir='ltr'><em>καλ</em></span> <span class='ocrx_word' id='word_1_229' title='bbox 804 4132 1077 4259; x_wconf 76' lang='grc' dir='ltr'><em>Ἀλέξανδρος,’</em></span> <span class='ocrx_word' id='word_1_230' title='bbox 1061 4136 1144 4225; x_wconf 85' lang='grc' dir='ltr'><em>ε’χων</em></span> <span class='ocrx_word' id='word_1_231' title='bbox 1163 4136 1241 4213; x_wconf 81' lang='grc' dir='ltr'><em>τούς</em></span> <span class='ocrx_word' id='word_1_232' title='bbox 1263 4131 1330 4205; x_wconf 84' lang='grc' dir='ltr'><em>άπδ</em></span> <span class='ocrx_word' id='word_1_233' title='bbox 1353 4135 1419 4219; x_wconf 88' lang='grc' dir='ltr'><em>τῶν</em></span> 
     </span>
     <span class='ocr_line' id='line_1_30' title="bbox 279 4229 1418 4370; baseline -0.011 -53"><span class='ocrx_word' id='word_1_234' title='bbox 279 4248 398 4317; x_wconf 80' lang='grc' dir='ltr'><em>ἳππων</em></span> <span class='ocrx_word' id='word_1_235' title='bbox 402 4236 673 4370; x_wconf 85' lang='grc' dir='ltr'><em>καταβεβηκότας</em></span> <span class='ocrx_word' id='word_1_236' title='bbox 694 4235 831 4326; x_wconf 84' lang='grc' dir='ltr'><em>πεζοδς,</em></span> <span class='ocrx_word' id='word_1_237' title='bbox 853 4237 940 4332; x_wconf 83' lang='grc' dir='ltr'><em>πρός</em></span> <span class='ocrx_word' id='word_1_238' title='bbox 960 4267 1007 4329; x_wconf 92' lang='grc' dir='ltr'><em>τῳ</em></span> <span class='ocrx_word' id='word_1_239' title='bbox 994 4231 1198 4332; x_wconf 90' lang='grc' dir='ltr'><em>γηλόφῳ</em></span> <span class='ocrx_word' id='word_1_240' title='bbox 1177 4265 1223 4330; x_wconf 91' lang='grc' dir='ltr'><em>ην.</em></span> <span class='ocrx_word' id='word_1_241' title='bbox 1245 4238 1312 4306; x_wconf 85' lang='grc' dir='ltr'><em>Καὶ</em></span> <span class='ocrx_word' id='word_1_242' title='bbox 1327 4229 1418 4305; x_wconf 82' lang='grc' dir='ltr'><em>οὗτοι</em></span> 
     </span>
     <span class='ocr_line' id='line_1_31' title="bbox 281 4334 1420 4467; baseline -0.011 -48"><span class='ocrx_word' id='word_1_243' title='bbox 281 4342 504 4438; x_wconf 79' lang='grc' dir='ltr'><em>ἐπιγενόμενοι</em></span> <span class='ocrx_word' id='word_1_244' title='bbox 529 4340 625 4435; x_wconf 87' lang='grc' dir='ltr'><em>μόγις</em></span> <span class='ocrx_word' id='word_1_245' title='bbox 651 4345 792 4428; x_wconf 79' lang='grc' dir='ltr'><em>ἐξέωσαν</em></span> <span class='ocrx_word' id='word_1_246' title='bbox 816 4338 893 4422; x_wconf 81' lang='grc' dir='ltr'><em>τούς</em></span> <span class='ocrx_word' id='word_1_247' title='bbox 920 4338 1079 4467; x_wconf 76' lang='grc' dir='ltr'><em>λνδρδς’</em></span> <span class='ocrx_word' id='word_1_248' title='bbox 1065 4367 1099 4420; x_wconf 90' lang='grc' dir='ltr'><em>ες</em></span> <span class='ocrx_word' id='word_1_249' title='bbox 1125 4337 1167 4410; x_wconf 80' lang='grc' dir='ltr'><em>τά</em></span> <span class='ocrx_word' id='word_1_250' title='bbox 1193 4334 1254 4430; x_wconf 83' lang='grc' dir='ltr'><em>όρη</em></span> <span class='ocrx_word' id='word_1_251' title='bbox 1280 4336 1335 4406; x_wconf 86' lang='grc' dir='ltr'><em>καλ</em></span> <span class='ocrx_word' id='word_1_252' title='bbox 1359 4340 1420 4407; x_wconf 78' lang='grc' dir='ltr'><em>τοῦ</em></span> 
     </span>
     <span class='ocr_line' id='line_1_32' title="bbox 282 4433 1419 4576; baseline -0.011 -54"><span class='ocrx_word' id='word_1_253' title='bbox 282 4456 400 4545; x_wconf 86' lang='grc' dir='ltr'><em>νεκροῦ</em></span> <span class='ocrx_word' id='word_1_254' title='bbox 417 4442 603 4576; x_wconf 78' lang='grc' dir='ltr'><em>ἐκράτησαν.</em></span> <span class='ocrx_word' id='word_1_255' title='bbox 624 4441 829 4538; x_wconf 80' lang='grc' dir='ltr'><em>Ὑπερβαλων</em></span> <span class='ocrx_word' id='word_1_256' title='bbox 847 4448 884 4516; x_wconf 91' lang='grc' dir='ltr'><em>δ</em></span> <span class='ocrx_word' id='word_1_257' title='bbox 895 4441 946 4515; x_wconf 79' lang='grc' dir='ltr'><em>τά</em></span> <span class='ocrx_word' id='word_1_258' title='bbox 968 4440 1029 4538; x_wconf 84' lang='grc' dir='ltr'><em>όρη</em></span> <span class='ocrx_word' id='word_1_259' title='bbox 1046 4440 1294 4570; x_wconf 64' lang='grc' dir='ltr'><em>Ἀλέξανδρος’</em></span> <span class='ocrx_word' id='word_1_260' title='bbox 1275 4465 1310 4519; x_wconf 81' lang='grc' dir='ltr'><em>ες</em></span> <span class='ocrx_word' id='word_1_261' title='bbox 1324 4433 1419 4511; x_wconf 90' lang='grc' dir='ltr'><em>πόλιν</em></span> 
     </span>
     <span class='ocr_line' id='line_1_33' title="bbox 283 4535 1472 4651; baseline -0.008 -30"><span class='ocrx_word' id='word_1_262' title='bbox 283 4558 453 4651; x_wconf 81' lang='grc' dir='ltr'><em>κατῆλθεν,</em></span> <span class='ocrx_word' id='word_1_263' title='bbox 486 4546 510 4643; x_wconf 85' lang='grc' dir='ltr'><em>ᾗ</em></span> <span class='ocrx_word' id='word_1_264' title='bbox 541 4546 644 4640; x_wconf 83' lang='grc' dir='ltr'><em>ὄνομα</em></span> <span class='ocrx_word' id='word_1_265' title='bbox 672 4542 711 4643; x_wconf 81' lang='grc' dir='ltr'><em>ἦν</em></span> <span class='ocrx_word' id='word_1_266' title='bbox 745 4544 920 4641; x_wconf 80' lang='grc' dir='ltr'><em>Ἀριγαῖον·</em></span> <span class='ocrx_word' id='word_1_267' title='bbox 951 4550 1005 4615; x_wconf 89' lang='grc' dir='ltr'><em>καλ</em></span> <span class='ocrx_word' id='word_1_268' title='bbox 1036 4544 1153 4637; x_wconf 78' lang='grc' dir='ltr'><em>ταύτην</em></span> <span class='ocrx_word' id='word_1_269' title='bbox 1184 4535 1419 4631; x_wconf 78' lang='grc' dir='ltr'><em>καταλαμβάνει</em></span> <span class='ocrx_word' id='word_1_270' title='bbox 1468 4636 1472 4645; x_wconf 30' lang='grc' dir='ltr'>Ι</span> 
     </span>
     <span class='ocr_line' id='line_1_34' title="bbox 285 4640 1418 4779; baseline -0.01 -54"><span class='ocrx_word' id='word_1_271' title='bbox 285 4656 554 4779; x_wconf 75' lang='grc' dir='ltr'><em>ἐμπεπρησμένην</em></span> <span class='ocrx_word' id='word_1_272' title='bbox 588 4647 656 4723; x_wconf 79' lang='grc' dir='ltr'><em>δπδ</em></span> <span class='ocrx_word' id='word_1_273' title='bbox 692 4656 758 4722; x_wconf 90' lang='grc' dir='ltr'><em>τῶν</em></span> <span class='ocrx_word' id='word_1_274' title='bbox 792 4645 994 4723; x_wconf 76' lang='grc' dir='ltr'><em>ἐνοικούντων</em></span> <span class='ocrx_word' id='word_1_275' title='bbox 1023 4648 1079 4715; x_wconf 83' lang='grc' dir='ltr'><em>καλ</em></span> <span class='ocrx_word' id='word_1_276' title='bbox 1110 4640 1189 4724; x_wconf 80' lang='grc' dir='ltr'><em>τοδς</em></span> <span class='ocrx_word' id='word_1_277' title='bbox 1219 4641 1418 4774; x_wconf 80' lang='grc' dir='ltr'><em>άνθρῶπορς</em></span> 
     </span>
     <span class='ocr_line' id='line_1_35' title="bbox 286 4740 1417 4851; baseline -0.012 -23"><span class='ocrx_word' id='word_1_278' title='bbox 286 4753 503 4851; x_wconf 80' lang='grc' dir='ltr'><em>πεφευγότας.</em></span> <span class='ocrx_word' id='word_1_279' title='bbox 531 4752 687 4831; x_wconf 77' lang='grc' dir='ltr'><em>Ἑντασθα</em></span> <span class='ocrx_word' id='word_1_280' title='bbox 713 4758 751 4827; x_wconf 92' lang='grc' dir='ltr'><em>δ</em></span> <span class='ocrx_word' id='word_1_281' title='bbox 777 4750 931 4847; x_wconf 78' lang='grc' dir='ltr'><em>α’φλκοντο</em></span> <span class='ocrx_word' id='word_1_282' title='bbox 960 4748 1127 4838; x_wconf 72' lang='grc' dir='ltr'><em>αὐτῶνκαὶ</em></span> <span class='ocrx_word' id='word_1_283' title='bbox 1154 4750 1187 4819; x_wconf 81' lang='grc' dir='ltr'><em>οἱ</em></span> <span class='ocrx_word' id='word_1_284' title='bbox 1212 4744 1302 4842; x_wconf 83' lang='grc' dir='ltr'><em>άμφλ</em></span> <span class='ocrx_word' id='word_1_285' title='bbox 1328 4740 1417 4836; x_wconf 84' lang='grc' dir='ltr'><em>Κρά-</em></span> 
     </span>
    </p>
   </div>
   <div class='ocr_carea' id='block_1_9' title="bbox 0 0 1829 5892">
    <p class='ocr_par' dir='ltr' id='par_1_9' title="bbox 0 0 1829 5892">
     <span class='ocr_line' id='line_1_36' title="bbox 0 0 1829 5892; baseline 0 0"><span class='ocrx_word' id='word_1_286' title='bbox 0 0 1829 5892; x_wconf 95' lang='lat' dir='ltr'><em> </em></span> 
     </span>
    </p>
   </div>
  </div>
 </body>
</html>
