3617 5892
829 663 871 743 ¹⁹.

285 840 431 907 tossicis
446 834 699 925 magnitudinem
718 847 907 904 memorasse
928 836 969 927 ¹).
999 840 1106 929 Atque
1122 840 1203 911 baec
1218 844 1412 931 singularis,

285 945 344 1012 aed
364 944 502 1025 aridior,
524 954 563 1009 ut
581 945 625 1009 ita
643 942 765 1024 dicam,
788 944 940 1011 historiae
959 946 1142 1013 tractandae
1159 952 1238 1017 ratio
1252 952 1320 1034 jem
1336 952 1414 1017 olim

285 1073 401 1138 parum
415 1050 572 1137 placuisse
587 1061 619 1115 et
632 1052 787 1138 primaria
805 1043 960 1117 exstitisse
979 1072 1074 1117 causa
1093 1053 1235 1137 ridetur,
1259 1078 1321 1131 cun
1336 1060 1414 1125 Pto-

287 1156 401 1221 lemaei
428 1157 664 1237 commentarii,
695 1158 805 1243 paucis
831 1158 925 1237 lecti,
954 1158 1116 1225 oblivione
1142 1172 1276 1247 mature,
1292 1164 1414 1234 luerint

287 1263 459 1329 obliterati.

330 1370 377 1435 De
396 1368 571 1435 Ptolemaei
587 1368 725 1455 Lagidae
748 1372 812 1437 rita
833 1379 866 1435 et
886 1372 1121 1436 commentariis
1140 1370 1220 1461 baec
1239 1372 1414 1461 disputasse

284 1474 433 1542 sufficiat.
446 1473 474 1562 ²)
508 1476 614 1541 Unum
639 1475 807 1560 adjiciam,
842 1476 918 1541 olim
948 1477 1042 1541 etiam
1069 1474 1253 1564 Epictetus
1281 1462 1349 1563 ejus
1373 1479 1414 1546 ad

284 1582 461 1646 Seleucum
482 1583 626 1669 aliosque
651 1583 823 1662 exstitisse,
841 1604 861 1649 a
885 1580 1103 1669 Dionysodoro
1119 1583 1283 1663 collectas.
1317 1585 1414 1669 Cujus

285 1688 336 1752 rei
354 1688 469 1753 unicus
489 1689 574 1752 testis
592 1699 639 1752 est
655 1689 829 1767 lucianus,
847 1686 942 1753 simul
950 1709 1060 1774 ,pauca
1081 1687 1238 1775 quaedum
1259 1711 1277 1753 e
1295 1690 1415 1778 Diony·

285 1792 395 1858 sodori
411 1790 576 1880 συναγωγῇ
592 1792 805 1881 protereus³);
827 1815 910 1880 quae
928 1794 1024 1858 verba
1045 1815 1086 1857 ne
1107 1794 1178 1881 quis
1202 1796 1251 1859 rel
1271 1806 1415 1882 praeter·

284 2044 302 2078 e
317 2027 452 2077 Ptolemaei
470 2044 548 2093 opere
563 2027 614 2077 sint
632 2028 728 2094 petita,
744 2044 820 2093 segre
840 2028 990 2093 conjectura
1008 2029 1175 2093 assequimur.
1201 2030 1260 2080 llam
1277 2030 1339 2081 licet
1353 2030 1415 2081 lal-

283 2114 325 2164 los
347 2114 523 2164 debellaturus
544 2114 687 2165 Alexander
702 2115 874 2165 Ptolemaeum
899 2116 1030 2180 copiarum
1051 2116 1117 2182 parti
1139 2116 1302 2181 praefecisset
1315 2116 1350 2183 (5.
1368 2112 1415 2179 6.),

284 2201 319 2249 ab
334 2200 384 2249 hoc
400 2200 462 2264 quid
484 2204 585 2263 gestum
612 2200 707 2262 luerit,
728 2218 781 2250 non
796 2202 892 2266 liquasr
912 2202 1037 2265 siquidem
1059 2217 1111 2266 quo
1131 2202 1172 2252 die
1188 2200 1340 2251 validissima
1354 2201 1417 2251 lal-

283 2286 369 2335 lorum
384 2286 446 2333 urbs
461 2291 659 2350 expugnaretur,
673 2301 700 2335 se
714 2286 823 2335 abluisse
837 2302 948 2362 sumque
963 2287 1020 2337 aliia
1036 2287 1150 2337 barbaris
1163 2302 1217 2335 rem
1233 2287 1339 2350 gessisse
1353 2286 1419 2335 sori-

284 2372 338 2438 psit
351 2373 457 2437 (Pragm.
476 2369 589 2435 ΧΧΙΙΙ.)
614 2372 645 2419 Ιιι
663 2372 756 2433 itincre
774 2373 908 2422 Alexandri
926 2374 957 2423 ad
972 2374 1093 2423 Arabium
1115 2374 1143 2421 tl.
1160 2374 1239 2437 inque
1260 2372 1371 2422 Arabitis
1390 2378 1418 2423 et

284 2455 365 2507 Dritis
379 2454 528 2517 subigendis
543 2470 646 2517 magnas
662 2456 740 2504 fuisse
757 2457 894 2506 Ptolemaei
911 2465 1011 2524 partes,
1029 2460 1179 2523 conjicimus
1196 2458 1328 2523 quideme
1345 2458 1418 2509 Diod.

285 2538 707 2591 ste.xvtt.1otatcmsiox.
731 2538 773 2589 10.
798 2539 816 2588 6
842 2556 911 2605 sqq.;
933 2544 977 2593 ssd
1002 2544 1122 2595 Arrianus
1139 2544 1190 2613 (21.
1210 2544 1227 2595 3
1245 2543 1312 2610 sqq.)
1338 2544 1370 2596 de
1388 2560 1419 2595 es

282 2626 447 2691 expeditione
461 2641 542 2689 agens
559 2626 698 2677 Ptolemaei
718 2641 822 2690 prorsus
838 2642 892 2676 nou
911 2628 1034 2678 meminit.

322 2708 348 2774 1)
366 2712 397 2760 V.
415 2708 457 2761 2⁰.
472 2710 489 2760 8
507 2711 614 2777 (Pragm.
634 2708 720 2774 ΠΧ).

320 2794 347 2851 bl
365 2791 521 2859 ViPdignus
542 2802 581 2845 est
604 2796 650 2861 qui
676 2801 782 2847 notetur
808 2813 880 2848 error
903 2800 1025 2849 liarduini
1052 2798 1119 2867 (las.
1141 2799 1230 2849 Auett.
1255 2798 1349 2866 msa),
1374 2799 1420 2851 ubi

281 2878 342 2965 τήν
367 2884 399 2943 Γ
394 2878 564 2964 εωγραφίαν
589 2881 644 2943 τοῦ
672 2876 830 2945 θειοτάτου
857 2882 908 2945 καὶ
938 2880 1115 2966 σοφωτάτου
1139 2882 1419 2964 Πτολεμαίου,

282 3004 300 3037 ι
320 2987 445 3036 llarciano
467 2986 616 3035 Heracleote
635 2986 776 3049 laudatam,
793 2986 939 3038 Ptolemaeo
961 2989 1067 3052 lagidae
1088 2987 1210 3039 obtrudit.
1236 2988 1333 3039 Claudii
1351 2991 1419 3039 enim

281 3068 424 3124 Ptolemaei
439 3072 646 3135 commentarios,
662 3074 758 3121 fontem
770 3088 843 3123 sunm
853 3075 1013 3141 principem,
1027 3079 1114 3139 aperte
1130 3074 1252 3137 cogitavit
1264 3076 1419 3143 Marcianus,

283 3163 317 3207 ut
332 3158 428 3207 dudum
446 3158 582 3207 lludscnus
600 3158 785 3209 animadvertit.

320 3241 347 3307 3)
368 3245 419 3292 Pro
428 3245 493 3309 lupa.
507 3246 538 3292 s‘rs
549 3243 627 3293 salut.
644 3245 674 3293 X.
693 3245 752 3308 Quis
769 3244 814 3293 ille
829 3246 908 3295 luerit
924 3245 1118 3310 Dionysodorus
1128 3244 1189 3311 (nnn
1200 3246 1419 3312 Dionysiodorua,

283 3333 317 3379 ut
324 3331 412 3395 inepte
420 3331 524 3380 Belinus
538 3328 659 3394 conjecit)
677 3330 796 3393 ignorant
809 3346 905 3380 omnes.
924 3331 1028 3380 belinus
1041 3332 1151 3380 eundem
1166 3331 1330 3397 amputarit
1342 3339 1420 3397 atque

282 3428 407 3475 Boeotum
421 3426 509 3490 illum,
526 3427 603 3490 cujus
618 3408 766 3497 ‘fflqvtttd
783 3426 870 3477 laudat
888 3424 960 3475 Diod.
982 3425 1031 3475 Sic.
1048 3410 1101 3473 XV.
1128 3422 1176 3487 95,
1199 3424 1313 3479 incertae
1331 3426 1422 3475 aetatis

281 3515 422 3566 bominem.
442 3518 509 3582 Quae
524 3518 605 3568 belini
631 3519 717 3583 opinio
738 3535 791 3569 non
812 3518 892 3580 magia
908 3515 993 3582 placet
1008 3527 1084 3577 quam
1099 3514 1179 3562 Vossii
1194 3514 1239 3579 (H.
1255 3516 1284 3565 (ι’.
1299 3530 1324 3581 p.
1340 3514 1421 3579 433),

280 3601 487 3666 Dionysodorum
504 3604 593 3667 illum,
609 3592 655 3669 qui
671 3620 765 3669 paeana
786 3605 928 3669 quendam,
952 3600 1049 3651 Socrati
1071 3616 1086 3649 n
1105 3599 1237 3650 nonnullis
1254 3600 1421 3668 vindicatam,
1503 3633 1506 3638 -

281 3687 369 3737 eidem
384 3687 542 3753 abjudicasse
560 3690 642 3740 lertnr
664 3691 745 3757 (Diog.
762 3691 844 3741 badrt.
861 3689 897 3740 11.
915 3682 941 3739 Β.
959 3684 1023 3752 42),
1041 3702 1055 3735 a
1073 3686 1167 3735 Doeoto
1189 3702 1242 3736 non
1261 3686 1424 3753 distinguen-

280 3774 326 3823 tis.
352 3775 474 3838 Equidem
501 3792 550 3825 nec
572 3776 773 3841 Dionysodorum
798 3776 932 3838 criticum,
963 3774 994 3822 de
1025 3789 1076 3837 quo
1104 3788 1144 3837 ap.
1169 3772 1241 3836 Dieg.
1263 3774 1345 3824 termo
1368 3781 1421 3839 est,

280 3874 371 3923 nequa
389 3859 513 3911 editorem
531 3862 699 3927 Epistularum
718 3861 858 3913 Ptolemaei
879 3860 1008 3911 diversum
1030 3859 1118 3931 leniam
1131 3874 1147 3908 s
1162 3861 1326 3922 grammatico
1345 3860 1424 3909 Alex·

280 3944 407 4010 andrina,
430 3946 570 3996 Aristarchi
584 3948 726 4014 discipulo,
744 3963 821 4013 quem
837 3949 1003 3997 memoratum
1020 3945 1089 4009 legas
1107 3946 1134 3994 in
1150 3944 1234 3995 Sobel.
1252 3946 1323 3995 liom.
1342 3943 1422 3997 Ils'ud.

281 4042 336 4112 (ed.
361 4027 452 4108 sext.)
477 4044 504 4093 D.
531 4043 595 4101 1113
614 4061 699 4110 neque
721 4046 824 4095 tandem
847 4044 880 4095 ab
900 4060 946 4107 eo,
969 4043 1014 4107 qui
1031 4028 1099 4114 περὶ
1119 4029 1263 4109 ποταμῶν
1279 4025 1379 4107 scripsit
1396 4046 1424 4094 et

281 4141 361 4205 eujus
390 4145 559 4206 fragmentum
590 4145 697 4194 affertur
723 4160 754 4195 ex
770 4136 839 4209 ,τοῖς
855 4126 938 4217 παρά
947 4136 1009 4208 τοῖς
1029 4124 1423 4217 τραγωδικοῖςῆμαρτη-

281 4224 384 4311 με’νοις
401 4243 456 4308 vel,
471 4248 502 4292 ut
516 4243 728 4294 Westermaanus
743 4243 807 4308 legit
827 4244 859 4295 sd
877 4246 948 4296 Voss.
967 4242 986 4297 l.
1007 4242 1042 4310 1.‚
1060 4236 1234 4322 τραγῳδοῖς.
1260 4246 1317 4297 vid.
1335 4247 1421 4300 Sobel.

282 4339 315 4389 sd
331 4337 419 4400 scrip.
436 4336 541 4401 Hippot.
561 4332 624 4399 122,
637 4335 716 4385 illies.
727 4334 787 4386 504.
797 4335 868 4386 Idem
886 4334 976 4403 etlam,
995 4338 1027 4389 de
1045 4356 1101 4390 mea
1124 4344 1194 4390 certe
1212 4338 1355 4404 sententia,
1369 4340 1423 4391 exi·

284 4424 425 4475 atimandns
438 4426 491 4486 est,
509 4420 554 4486 qui
570 4426 688 4485 qrrartum
704 4421 863 4485 cabirorum,
878 4424 1014 4489 Camilum,
1027 4426 1179 4475 Mercurium
1189 4439 1243 4473 esse
1258 4423 1338 4490 dixit,
1356 4428 1423 4476 teste
1498 4458 1502 4466 -

283 4511 370 4561 Sobel.
387 4509 473 4576 Apoll.
491 4508 573 4558 llbod.
599 4510 620 4557 Ι.
647 4505 707 4558 317.
733 4508 758 4558 ls
781 4522 842 4558 vero
859 4509 1045 4575 Dionysodorus
1062 4510 1124 4575 quid
1147 4525 1283 4562 commune
1301 4512 1423 4562 babuerit

283 4612 345 4647 cum
359 4597 470 4646 Rbetcre
480 4630 489 4661 ,
498 4610 575 4659 quem
589 4592 715 4645 basianus
726 4596 810 4660 Sysap.
819 4596 856 4647 vt
873 4612 929 4661 sqq.
938 4612 998 4647 cum
1008 4596 1117 4648 llistiaeo
1133 4596 1301 4649 Grammatico
1312 4598 1421 4662 aliisque

283 4683 476 4747 colloquentem
493 4681 607 4745 inducit,
626 4681 784 4732 constituere
804 4698 856 4733 non
874 4683 963 4734 ausim.

1234 4769 1264 4819 2*
