3617 5892
955 732 997 796 76

409 928 478 988 ται,
501 900 547 982 ὠς
567 900 606 973 όν
625 897 808 993 άπολριιοόν
827 904 897 979 τοῖς
910 894 1092 984 δωαόλοις,
1118 925 1202 991 qnae
1225 918 1374 992 repetunt
1389 904 1541 986 Photins,

408 1012 533 1081 Auctor
551 1006 639 1099 App.
662 1010 784 1076 Procc.
803 1020 835 1073 et
858 1008 1022 1075 Arrenius.
1056 1008 1119 1077 Vel
1137 1011 1185 1075 sic
1203 1021 1308 1077 tamen
1329 1013 1410 1078 baec
1429 1035 1494 1099 per
1510 1036 1540 1077 se

298 1172 306 1189 .
411 1122 540 1185 uou'sat
559 1118 661 1205 gravis
676 1117 760 1182 foret
786 1136 897 1195 causa,
919 1136 979 1181 cur
999 1116 1172 1181 Attianum
1190 1137 1254 1181 non
1277 1138 1316 1183 ex
1334 1117 1539 1198 Aristobulo,

410 1224 466 1291 sed
485 1225 547 1289 olio
565 1226 653 1290 lente
670 1223 809 1289 hausisse
828 1242 1029 1307 poneremus.
1053 1222 1150 1302 Nam,
1163 1235 1207 1289 ut
1223 1224 1448 1291 animadvertit
1460 1227 1540 1291 Nae·

410 1328 480 1397 lios
500 1352 532 1417 p.
555 1333 622 1397 250
642 1351 703 1416 sq„
721 1328 790 1392 lieri
807 1328 902 1393 lacile
917 1329 1087 1428 potuisset,
1107 1340 1145 1394 ut
1162 1331 1333 1409 Arrianus,
1358 1353 1465 1418 quum
1485 1334 1541 1397 ali·

410 1436 490 1525 quid
507 1439 635 1525 legisset
651 1435 692 1500 de
710 1434 856 1499 manibus
875 1436 990 1500 erectis
1012 1435 1118 1523 deque
1137 1439 1289 1524 strepitu,
1309 1458 1346 1503 ex
1363 1438 1539 1525 digitorum

288 1534 290 1545 ’
408 1544 535 1631 crepitu
567 1544 742 1629 complosas
780 1562 890 1607 manus
921 1542 1073 1611 efficeret.
1115 1542 1178 1608 Sed
1200 1543 1304 1631 ipsum
1326 1546 1537 1632 epigramma,

409 1649 497 1738 quod
516 1649 635 1729 refert,
655 1648 796 1713 alienum
816 1648 937 1713 fontem
955 1650 1121 1715 manifeste
1137 1652 1263 1737 arguit,
1286 1652 1334 1717 uti
1350 1653 1461 1716 statim
1481 1674 1537 1737 ap-

408 1755 546 1843 parebit.
579 1755 696 1824 Verum
725 1755 965 1839 inscriptionem
993 1776 1132 1821 servasse
1159 1756 1286 1823 ridetur
1310 1757 1445 1838 Strabo,
1471 1757 1535 1842 jam

319 1919 330 1937 ,
408 1859 600 1929 Tuscbuclrii
616 1860 861 1926 cura-liberatus
878 1860 921 1925 ab
939 1862 1026 1925 inani
1039 1862 1285 1949 interpolatione
1303 1855 1341 1931 σιλ
1357 1854 1397 1944 δ’,
1412 1851 1440 1926 ὦ
1454 1860 1533 1942 ξένε,

409 1978 483 2034 ante
510 1960 606 2031 ἔσθιε
622 1960 664 2033 ab
687 1966 771 2032 Aldo
792 1968 921 2034 inserta.
954 1969 999 2034 Ex
1022 1968 1079 2033 illo
1104 1969 1313 2057 corrigendus
1332 1969 1532 2045 Athenaeus,

408 2076 463 2140 cui
478 2073 798 2161 Schweighaeuserns
816 2075 987 2161 genuinam
1005 2074 1142 2140 formam
1152 2064 1439 2162 Ἀνακυνδαράξεω
1453 2073 1531 2137 male

406 2179 550 2249 abstulit.
579 2180 705 2246 Ibidem
728 2183 813 2277 vocis
832 2175 959 2264 ἔδειμεν
981 2180 1097 2248 ultima
1116 2181 1237 2270 syllaba
1263 2180 1359 2245 lacile
1384 2179 1533 2265 absorpsit

406 2287 554 2353 voculam
582 2281 629 2367 ἐν,
655 2309 753 2375 quam
778 2299 903 2374 praeter
930 2288 1121 2354 Strabonem
1151 2299 1315 2353 servarunt
1340 2286 1531 2372 Stephanus,
1614 2311 1615 2338 ι

363 2402 370 2411 “
405 2414 537 2460 manem
562 2394 596 2457 in
622 2381 839 2481 Κυνδαρόιξεω
864 2406 897 2459 et
923 2382 1045 2480 ἡμέρᾳ,
1068 2406 1100 2461 et
1129 2394 1239 2463 Scbol.
1263 2391 1429 2480 Aristopb.
1456 2390 1530 2458 Aoo.

407 2499 511 2579 1022,
529 2497 669 2585 indeque
688 2497 830 2566 Eudocia
849 2522 881 2587 p.
901 2504 979 2571 372.
1010 2502 1074 2568 Alii
1090 2503 1186 2567 aliam
1200 2502 1356 2590 praebent
1377 2500 1531 2565 recensio·

404 2626 495 2686 nem,
518 2606 705 2691 praesertim
724 2605 799 2671 inde
818 2606 858 2672 ab
877 2596 926 2681 ιός,
938 2596 1050 2672 τόλλα.
1072 2610 1193 2674 Horum
1208 2608 1361 2673 Arrianus
1377 2606 1424 2672 sic
1435 2607 1530 2693 legit:

406 2700 676 2799 Σαρδανάπαλος,
700 2700 719 2777 ό
739 2701 1013 2801 Ἀνοοιυνδαράξοο
1033 2716 1128 2794 παῖς,
1149 2705 1316 2799 Ἀγχλαλον
1330 2709 1385 2777 καὶ
1409 2703 1535 2798 Ταρσόν

403 2813 566 2912 ε’νῆμόργ
592 2822 653 2909 μιᾷ
679 2819 841 2907 ἐδείματο.
870 2816 917 2889 Σι)
944 2820 996 2905 δὲ,
1019 2814 1047 2888 ὦ
1072 2822 1155 2907 ξένε,
1185 2819 1279 2891 ἔσθιε
1304 2821 1358 2888 καὶ
1381 2826 1455 2888 πῖνε
1479 2820 1534 2885 καὶ

402 2931 501 3011 παῖζε
523 2952 532 2973 ·
554 2925 600 3007 nic
626 2922 729 2997 τόλλα
752 2925 795 2997 τά
821 2922 1014 3021 δνθροόπινα
1042 2928 1101 3002 οὐκ
1126 2926 1203 3002 darn
1226 2926 1342 3003 τοότοο
1364 2924 1447 3013 άξια.
1475 2922 1533 2999 τόν

270 3076 272 3083 v
402 3033 519 3133 ψόφον
539 3031 774 3123 αἰνισσόμενος,
804 3033 904 3131 όνπερ
932 3042 966 3110 αἱ
986 3048 1094 3132 χεῖρες
1118 3044 1175 3113 ε’πλ
1194 3046 1243 3132 τῴ
1263 3037 1366 3138 ιιρόσφ
1388 3043 1532 3111 ποιοῦσι.

403 3155 485 3226 Vide
516 3174 613 3243 quam
639 3154 741 3220 multa
773 3155 932 3226 immutet.
972 3159 1091 3244 Rejicit
1118 3160 1261 3228 lonicum
1293 3162 1444 3238 sormam,
1473 3181 1529 3245 pro

401 3250 574 3349 Ἀγχιάλην
593 3261 706 3328 scribit
721 3249 804 3346 Ἀγχ
804 3258 907 3343 λ,αλον
930 3254 1055 3345 ἔδειμεν
1071 3279 1174 3333 mutat
1191 3270 1225 3333 in
1242 3264 1394 3349 ἐδείματο
1412 3277 1444 3331 et
1459 3265 1529 3329 loco
1615 3359 1616 3364 γ

400 3378 524 3449 movet,
546 3380 618 3488 ppst
647 3360 886 3433 detrectasse
908 3373 1021 3437 intexit
1044 3375 1193 3460 copulam
1212 3369 1281 3452 καλ,
1306 3371 1448 3459 denique
1476 3392 1532 3458 pro
1615 3369 1616 3394 ¹

399 3462 517 3540 τούτου
539 3465 597 3540 cdx
623 3465 699 3554 άξιοι
717 3473 823 3540 reddit
849 3466 891 3537 τά
913 3466 1106 3565 άνθρωιιινα
1132 3468 1189 3543 οόκ
1211 3468 1288 3543 όντα
1308 3467 1427 3543 τούτου
1450 3465 1533 3554 άξια.

399 3576 494 3659 Quod
510 3600 585 3644 vero
608 3569 724 3645 codron
748 3584 977 3667 interpretatur
993 3582 1034 3648 de
1057 3584 1183 3669 crepitu
1208 3604 1379 3661 manuum,
1400 3603 1463 3647 nec
1484 3580 1534 3645 di·

387 3670 390 3677 ’
400 3682 557 3767 gitorum,
576 3684 685 3751 hoc
657 3708 688 3750 er
706 3687 927 3775 largiendum,
946 3690 1004 3774 qui
1021 3711 1118 3775 supra
1139 3688 1180 3754 de
1202 3689 1370 3775 complosis
1386 3688 1535 3753 manibus

399 3789 549 3857 narravit.
582 3792 682 3856 Tanta
707 3795 807 3880 igitur
825 3794 1038 3881 discrepantia
1063 3797 1090 3859 si
1117 3797 1214 3860 etiam
1238 3798 1273 3861 in
1302 3796 1535 3881 aliis,-utique

398 3916 463 3961 non
492 3896 526 3960 iu
557 3900 741 3965 recensione
769 3903 1003 3988 epigrammatis
1032 3901 1166 3967 ferenda
1190 3914 1249 3971 est.
1291 3903 1453 3985 Quocirca
1481 3902 1535 3964 vel

396 4003 491 4069 fallor
507 4002 658 4089 squidem
670 4006 720 4070 rel
731 4008 852 4073 Naelrio
869 4010 1014 4073 assentiri
1026 4010 1185 4096 cogimur,
1203 4009 1391 4088 Arriauum,
1405 4008 1534 4072 deserto

396 4110 490 4175 iubis
502 4111 655 4196 primario
675 4113 779 4193 sonte,
796 4114 999 4195 Aristobulo,
1020 4138 1077 4181 sua
1088 4114 1218 4181 aliunde
1235 4127 1344 4202 petere
1363 4114 1532 4193 maluisse;

290 4218 293 4225 ’
398 4236 591 4306 quamquam
613 4217 698 4283 unde
720 4220 910 4305 profecerit,
931 4243 973 4286 ne
991 4222 1150 4306 conjicere
1172 4220 1304 4309 quidem
1323 4222 1437 4288 ausim.
1470 4220 1533 4284 Ce-

397 4336 501 4390 terum
518 4323 607 4413 qnod
623 4325 800 4391 Aristcbnli
817 4329 960 4401 recensio
978 4330 1121 4394 continet
1132 4327 1328 4393 vocabulum
1345 4322 1458 4405 παῖζε,
1476 4324 1532 4405 id,

397 4438 475 4493 teste
490 4431 644 4513 Arriano,
666 4420 938 4519 ῥᾳδιουργότερον
954 4423 1179 4522 ἐγγεγράφθαι
1195 4427 1324 4521 ἔφασαν
1344 4430 1394 4515 τῷ
1409 4422 1536 4495 Ἀσσυ-

396 4530 460 4621 ρλῳ
478 4525 618 4618 ὀνόμασι.
641 4536 724 4605 llinc
742 4526 839 4620 όχευε
850 4536 1015 4602 dederunt
1032 4537 1244 4625 Apollodorus
1266 4561 1317 4624 ap.
1333 4536 1442 4603 Sobel.
1456 4534 1533 4601 Ari-

396 4640 500 4731 nepo.
520 4644 845 4725 1.1.,=sndas1.t.es
865 4666 894 4711 v.
907 4631 1021 4725 ὀχεύω
1037 4646 1070 4710 11
1083 4665 1116 4730 p.
1135 4646 1219 4725 ms,
1240 4644 1391 4725 Plotius,
1410 4644 1529 4721 cetere

391 4738 614 4836 ,ἀφροδισίαζε
622 4752 813 4827 Plutarchus
823 4754 919 4819 Orat.
931 4751 972 4820 ’δε
980 4751 1078 4820 Alex.
1091 4752 1133 4820 11.
1144 4755 1176 4819 3.
1196 4752 1243 4819 (ll.
1254 4748 1395 4817 Naelrins
1404 4772 1437 4834 p,
1448 4752 1528 4824 245.
