3617 5892
950 746 989 811 ¹2

407 937 516 983 rerum
540 914 710 983 Alexandri
749 926 860 982 testem
891 917 1023 983 laudare
1046 891 1212 984 ridentur.
1260 916 1413 983 Arrianus
1442 940 1537 1001 vero,

407 1034 563 1114 qnantum
583 1021 737 1108 lagidae,
762 1023 881 1086 nemini
911 1022 1066 1102 credidit,
1093 1022 1119 1085 si
1141 1043 1241 1092 unum
1258 1022 1436 1109 excipimus
1450 1024 1536 1089 ‘rri-

406 1129 587 1209 stobnlnm,
613 1129 648 1192 in
674 1127 764 1211 cnjus
784 1150 857 1193 cnm
878 1129 1060 1195 Ptolemaeo
1076 1138 1233 1214 perpetuo
1249 1127 1317 1193 lere
1341 1140 1372 1193 et
1393 1128 1434 1193 de
1456 1152 1535 1217 gra·

384 1230 539 1299 'vissimis
559 1235 654 1300 rebus
675 1255 831 1299 consensu
847 1234 961 1300 merito
985 1236 1074 1322 ponit
1091 1234 1264 1299 maximum
1286 1256 1344 1319 pro
1364 1236 1536 1323 utriusque

406 1338 468 1404 lide
493 1352 727 1428 argumentum.
758 1341 840 1406 ilinc
866 1341 969 1407 multa
991 1341 1060 1406 aliis
1087 1350 1212 1405 narrata
1237 1339 1289 1403 rel
1310 1327 1355 1413 οἷς
1378 1330 1537 1425 λεγόμενα
1609 1349 1613 1363 ’

403 1435 500 1527 μόνον
535 1449 634 1511 refert
644 1441 692 1533 ¹),
727 1447 776 1510 rel
814 1448 946 1513 illorum
979 1448 1169 1513 anctoritate
1196 1447 1303 1532 palam
1339 1446 1492 1532 explodit.
1505 1445 1534 1535 ²)
1634 1504 1635 1537 ,

404 1552 620 1618 Ptolemaeum
637 1564 669 1618 et
689 1553 907 1630 Aristobulum
925 1555 1006 1619 solos
1022 1553 1148 1639 judicat
1168 1546 1293 1631 ἱκανούς
1314 1549 1537 1641 τεκμηραὸσοιι
1634 1544 1635 1615 i

403 1647 489 1744 ὕπερ
510 1656 575 1721 τῶν
593 1657 743 1739 oosoirde,
766 1672 798 1725 et
821 1662 927 1726 sicubi
951 1661 991 1725 ab
1018 1661 1118 1727 altero
1139 1661 1220 1727 alter
1240 1660 1401 1743 dissentit,
1427 1672 1535 1727 tamen

403 1763 481 1830 dicit
504 1755 582 1837 τούς
602 1754 687 1830 πάνυ
709 1756 846 1839 πιστούς
867 1760 901 1841 ἐς
922 1756 978 1853 την
999 1755 1159 1855 ἀφήγησιν
1172 1768 1212 1853 ⁸).
1248 1765 1420 1832 Ptolemaei
1437 1768 1534 1832 etiam

402 1873 466 1938 fide
481 1874 598 1952 fretus,
614 1873 751 1938 Nearchi
761 1885 793 1938 et
802 1854 997 1954 Onesicriti,
1021 1874 1127 1959 regiae
1148 1873 1256 1937 classis
1274 1872 1529 1959 praefectorum,

402 1980 623 2046 anctoritatem
646 1980 884 2065 aspernatur-in
905 2000 1039 2043 numero
1063 1977 1192 2042 narium
1210 1978 1424 2059 recensendo,
1448 2001 1532 2065 qnae
1633 2002 1635 2025 ⁵

401 2106 477 2150 cnm
495 2083 675 2149 Alexandro
692 2085 726 2148 in
746 2084 893 2171 Hydaspo
913 2084 947 2152 fl.
977 2085 1166 2171 navigarunt
1175 2080 1215 2171 ⁴).
1246 2084 1310 2151 Gur
1328 2090 1436 2150 auteur
1453 2087 1533 2149 Pto·
1633 2096 1634 2129 t

399 2193 557 2257 lemaenm
579 2200 703 2255 tantum
724 2202 885 2278 praestare
913 2189 976 2254 fide
1002 2192 1207 2277 opinaretur,
1230 2190 1384 2255 Arrianus
1408 2188 1532 2256 duabus
1632 2218 1633 2231 ¹

400 2298 534 2363 maxime
561 2298 663 2362 causis
693 2318 726 2359 oe
758 2278 953 2386 commotum
981 2294 1134 2376 ostendit,
1164 2297 1265 2363 altera
1286 2286 1352 2375 ὅτι,
1376 2288 1462 2383 πρός
1482 2295 1532 2379 τῷ

399 2400 636 2488 ξυστρατεῦσαι
655 2390 871 2488 Ἀλεξάνδρῳ,
893 2399 947 2466 uel
969 2392 1059 2483 αὐτῷ
1079 2398 1211 2482 βασιλεῖ
1230 2390 1298 2467 dm
1320 2392 1532 2493 οἷισχρότερσυ

399 2492 421 2591 ἤ
437 2526 484 2587 τῳ
498 2494 586 2586 ἄλλῳ
604 2492 801 2589 ψεύσασθαι
813 2492 864 2592 ἦν,
881 2506 983 2571 altera
998 2495 1049 2568 des
1062 2492 1325 2591 τετελευτηκότος
1341 2494 1403 2592 ἤδη
1422 2496 1530 2584 Ἀλεξ-

400 2599 521 2696 άνδρου
551 2599 769 2698 ξυγγράφοιτι
800 2602 889 2696 αὐτῷ
918 2604 939 2701 η’
970 2632 1007 2679 τε
1034 2602 1150 2700 ἀνάγκη
1182 2609 1236 2677 nol
1270 2602 1290 2678 o‘
1321 2602 1443 2695 μισθὸς
1469 2612 1533 2677 τοῦ

397 2701 504 2787 ἄλλως
528 2736 561 2779 τι
586 2706 608 2802 ἢ
629 2703 674 2787 οἷς
696 2711 875 2805 συνηνέχθη
895 2704 1085 2803 ξυγγράψαι
1113 2706 1247 2803 desiit).
1279 2716 1400 2800 Quibus
1429 2716 1533 2781 ratio-

397 2822 491 2889 nibus
510 2844 574 2909 qno
592 2821 857 2886 commendentur
874 2819 960 2886 haud
979 2820 1078 2888 deest.
1102 2820 1210 2903 Quum
1229 2823 1314 2887 enim
1329 2822 1532 2888 Ptolemaeus

398 2948 463 2991 oon
488 2939 526 2992 ut
548 2948 577 2993 s.
603 2948 631 2993 o.
656 2925 697 2990 de
722 2926 930 3007 Callisthene,
962 2938 1000 2991 ut
1025 2926 1065 2991 de
1093 2926 1273 2995 Onesicrito
1296 2938 1436 3008 constat,
1458 2928 1531 2993 siro
1632 2936 1633 2975 t

396 3031 577 3097 Alexandro
588 3033 829 3098 commentarios
840 3034 1011 3113 scriberet,
1023 3033 1078 3098 sed
1095 3056 1133 3099 eo
1152 3034 1281 3101 demum
1300 3033 1531 3121 temporeede-

398 3149 469 3220 ret,
493 3161 558 3227 quo
577 3139 662 3204 inter
678 3160 875 3205 successores
894 3138 1067 3206 Alexandri
1087 3139 1182 3206 facile
1201 3142 1350 3229 princeps
1365 3140 1432 3225 jam
1450 3162 1531 3207 con·

397 3459 429 3511 de
451 3476 506 3510 mes
526 3461 652 3511 sententia
675 3462 724 3511 lrac
744 3461 772 3511 in
799 3478 828 3512 re
845 3461 1005 3528 praevaleat,
1030 3460 1184 3513 Plutarcheo
1203 3462 1262 3511 loco
1288 3460 1361 3511 nulls
1379 3464 1419 3509 est
1444 3474 1529 3524 noque

395 3546 425 3611 in
441 3547 582 3597 Aristobuli
596 3563 681 3612 neque
697 3549 725 3598 in
740 3547 879 3598 Ptolemaei
897 3547 1045 3612 fragmentis
1063 3546 1137 3599 sedes
1152 3546 1310 3611 assignanda.

432 3631 459 3693 1)
476 3634 590 3683 Proderit.
609 3632 635 3683 3.

432 3716 459 3781 2)
477 3719 575 3766 Iocirco
585 3719 787 3769 comessationes
799 3721 826 3770 in
840 3720 984 3785 Carmania,
1002 3736 1016 3769 a
1035 3718 1209 3784 compluribus
1220 3716 1386 3783 scriptoribus
1403 3731 1531 3765 memora-

399 3813 549 3881 tashlsctas
565 3829 619 3863 esse
633 3821 757 3880 pernegat
768 3816 812 3865 Vl.
830 3811 1258 3883 28.2(rragm.rrrst0b.xo1r.).
1280 3802 1384 3863 Ταῦτα
1406 3798 1455 3880 δὲ,
1473 3814 1528 3878 ait,

397 3896 464 3968 odire
495 3905 683 3985 Πτολεμαῖος
722 3900 741 3968 o‘
766 3899 875 3990 Λάγου
908 3900 975 3970 os‘r'rr
1007 3899 1230 3989 Ἀριστόβουλος
1257 3898 1275 3966 o'·
1302 3898 1530 3987 Ἀριστοβούλου

396 4004 561 4092 ἀνέγραψεν
582 4005 655 4070 odet
663 4033 707 4085 τις
717 4002 804 4087 ἄλλος
810 4059 821 4086 ,
843 4002 941 4072 ὅντινα
959 4004 1061 4073 letarde
1081 4001 1338 4095 decernentem
1359 4006 1530 4092 τεκμηριοῖ·

396 4131 445 4176 σαι
459 4106 535 4197 ὑπὲρ
554 4110 616 4174 reis
630 4111 763 4176 τοιῶνδε.
785 4111 836 4176 καί
846 4137 898 4193 μοι
915 4108 961 4189 οἷς
973 4108 1009 4176 ου’
1019 4108 1108 4176 πιστοὶ
1124 4105 1353 4195 οἶνογεγροίφθοιι
1364 4106 1529 4195 ἐξήρκεσεν.

396 4218 493 4268 iccirco
509 4232 679 4283 quaecunque
700 4218 732 4269 de
754 4233 892 4282 congressu
908 4219 1045 4269 Alexandri
1061 4232 1120 4285 cum
1132 4219 1285 4288 Amazonum
1308 4216 1403 4279 Regina
1418 4215 1450 4265 ab
1469 4215 1531 4265 aliis
1631 4222 1632 4243 ¹

396 4305 491 4369 scripto
499 4304 616 4354 mandata
632 4309 708 4369 sunt,
721 4318 802 4354 meras
814 4304 892 4355 lubet
908 4306 1013 4356 tabulas.
1032 4305 1095 4355 Vide
1111 4321 1137 4370 p.
1154 4303 1195 4353 10.
1215 4296 1312 4353 lecirco
1330 4302 1432 4353 tandem
1448 4317 1530 4366 quem

397 4390 564 4441 Romanorum
586 4389 618 4439 ad
639 4391 810 4441 Alexandrum
834 4392 987 4456 legationem
1008 4391 1145 4456 scriptores
1158 4390 1261 4455 quidem
1278 4395 1531 4453 commemorarunt,

396 4475 458 4525 licet
472 4494 524 4528 non
542 4478 646 4527 omnino
658 4483 753 4544 neget,
771 4478 845 4529 raldo
856 4484 944 4530 mnan
955 4483 1097 4544 suspectam
1114 4476 1201 4545 palat,
1220 4477 1275 4527 l'Il.
1293 4474 1335 4525 15.
1354 4475 1388 4540 5,
1409 4474 1444 4526 liu

431 4560 457 4625 dl
473 4564 520 4625 ill.
538 4562 581 4614 tt.
602 4564 627 4614 e.

382 4637 384 4640 ’
432 4645 458 4708 s)
476 4648 518 4697 vr.
539 4648 598 4699 as
620 4652 726 4717 (ongo.
745 4651 829 4716 ιιι).

433 4732 459 4797 5)
477 4734 589 4783 orsam.
608 4734 635 4784 a.
