3617 5892
280 2484 379 2532 verse
403 2461 528 2532 saltem
546 2463 680 2557 gratioe
695 2460 820 2543 iidem,
848 2465 967 2557 gravia
979 2462 1119 2556 pusillis
1131 2474 1398 2556 anteponentes,

280 2607 368 2679 prae
391 2586 472 2655 aliis
499 2587 668 2655 servirent
696 2588 908 2655 narrationis
931 2588 1070 2657 veritati
1098 2596 1149 2666 et,
1181 2599 1221 2657 ut
1240 2610 1401 2681 quaeque

279 2708 505 2792 accidissent,
532 2711 617 2779 satis
639 2709 789 2779 candide
808 2712 937 2803 scripto
959 2708 1179 2781 manderent.
1206 2710 1326 2803 Atque
1346 2710 1401 2781 bis

278 2834 436 2905 melioris
457 2844 563 2905 notae
586 2832 813 2926 scriptoribus
837 2856 950 2929 quum
975 2832 1019 2903 de
1043 2836 1221 2905 communi
1240 2836 1402 2905 omnium

279 2961 454 3029 sententia
485 2958 732 3028 Ptolemaeum
762 2975 798 3029 ct
823 2958 1073 3030 Aristobulum
1095 2960 1268 3030 accenseri
1293 2960 1398 3041 scias,

278 3107 353 3153 non
373 3082 564 3153 admodum
590 3084 780 3164 mirabere,
807 3085 858 3152 mi
882 3079 1008 3166 Geeri,
1034 3082 1123 3179 quid
1146 3082 1235 3155 mihi
1259 3106 1403 3178 persua-

278 3210 383 3290 serit,
411 3220 452 3277 ut
484 3206 528 3277 de
559 3207 705 3277 illorum
739 3209 998 3277 commentariis
1019 3230 1112 3302 quae
1136 3230 1313 3302 superesse
1333 3208 1419 3281 iro·¹

279 3343 422 3427 gmenta
434 3332 589 3404 videram
602 3332 805 3427 colligerem
818 3330 1006 3427 diligenter
1018 3343 1063 3414 et,
1081 3332 1222 3402 Arriani
1232 3336 1402 3426 excerptis
1430 3344 1433 3349 '

278 3455 417 3538 addita,
446 3458 486 3525 in
500 3478 614 3555 unum
636 3478 762 3548 corpus
779 3455 984 3551 redigerem.
1011 3453 1220 3537 Accedebat,
1245 3456 1341 3549 quod
1357 3456 1403 3525 de

278 3578 489 3650 Aristobulo
520 3601 624 3651 neme
651 3582 840 3673 quisquam
863 3590 1024 3650 accurate
1043 3578 1189 3661 dixisse,
1213 3578 1257 3649 de
1281 3579 1401 3650 Ptole-

277 3726 381 3773 maeo
406 3698 524 3774 Geieri
546 3706 810 3785 commentatio,
837 3726 930 3797 quae
949 3703 1079 3796 prodiit
1103 3702 1206 3773 Halis
1221 3703 1401 3775 Saxonum

278 3852 310 3896 a.
338 3822 454 3909 1838,
477 3850 550 3897 non
572 3831 669 3900 omni
691 3852 734 3899 ex
756 3839 856 3922 parte
878 3824 1281 3899 satisfacerevidebatur.
1297 3828 1401 3898 Mitto

276 3951 554 4046 disputationem
570 3952 614 4021 dc
636 3954 718 4021 cito
741 3949 966 4032 Ptolemaei,
995 3952 1157 4019 moribus
1170 3952 1400 4045 utqueimti-

277 4078 385 4157 totis,
422 4078 616 4172 generatim
643 4076 745 4148 docte
773 4088 809 4147 et
833 4076 1017 4146 enucleate
1046 4078 1228 4168 scriptem3
1254 4075 1315 4145 sed
1337 4075 1400 4167 qui

275 4201 375 4270 locus
409 4198 453 4267 dc
484 4197 695 4269 Ptolemaeo
724 4202 798 4297 egit
829 4195 1041 4269 Aleuccdri
1076 4196 1130 4269 M.
1154 4222 1282 4267 rerum
1302 4198 1398 4264 scri-

193 4404 194 4408 ,
269 4330 404 4418 ptcrc,
432 4326 471 4393 in
487 4346 529 4395 eo
554 4325 601 4395 cd
622 4336 821 4395 accuratam
842 4336 877 4395 et
889 4325 1032 4418 plenam
1044 4324 1243 4419 argumenti
1261 4323 1399 4414 exposi-
1422 4312 1424 4319 ’

277 4449 410 4518 tionem
430 4449 626 4541 plurimum
649 4447 871 4519 desiderabis.
900 4448 1023 4542 Quid?
1045 4446 1142 4541 quod
1167 4445 1268 4515 «loci
1285 4468 1397 4540 ecgu-

276 4574 365 4640 stiis
375 4572 626 4667 prohibitos»
653 4574 850 4669 fragmenta
867 4574 1085 4653 Ptolemaei,
1110 4594 1202 4663 quae
1219 4574 1343 4666 utique
1360 4574 1398 4641 in

277 4697 452 4789 ejusmodi
468 4696 707 4792 disputatione
725 4701 806 4791 jure
819 4700 1086 4792 exspectaveris,
1112 4682 1397 4769 commentationi

437 4863 450 4921 l
