3617 5892
751 804 759 815 ,
851 736 872 797 9

297 913 381 977 eisse
405 908 467 973 sihi
494 906 672 975 ridebatur.
702 908 741 973 ln
769 907 891 974 eelehri
919 893 994 986 illa,
1027 926 1123 993 quam
1148 908 1281 993 primam
1308 906 1348 973 de
1367 928 1424 976 suo

297 1016 428 1082 nomine
436 1011 614 1079 Alexander
632 1014 666 1078 in
682 1013 830 1101 Aegypto
845 1010 1050 1092 condiderat,
1071 1011 1187 1101 urbe¹)
1204 1014 1422 1096 Ptolemaeus,

297 1123 442 1209 quamvis
463 1120 653 1207 gravissimis
668 1119 762 1184 hellis
782 1119 973 1199 distraetus,
996 1117 1167 1184 delubrum
1188 1120 1237 1185 illi
1258 1142 1426 1187 eonsecra-

297 1230 361 1307 rit,
380 1238 584 1292 structuraet
602 1238 672 1292 arte
686 1248 748 1291 'suo
769 1246 885 1314 genere
897 1225 1065 1306 eximium,
1090 1225 1203 1290 divinis
1224 1226 1303 1291 aden
1325 1226 1426 1293 hono-

298 1336 387 1399 ribus
407 1355 481 1398 eum
500 1331 731 1419 prosecutus.²)

341 1443 432 1524 Quae
447 1440 567 1503 luerint
583 1438 757 1505 Ptolemaei
778 1439 812 1502 in
831 1434 1083 1503 celebratissima
1099 1436 1273 1503 Alexandri
1293 1438 1425 1524 expedi-

297 1547 385 1613 tione
408 1558 531 1633 partes‚
562 1568 645 1633 quae
668 1558 780 1611 mutua
805 1544 875 1629 ejus
902 1555 933 1608 et
957 1544 1130 1609 Alexandri
1158 1545 1296 1623 attritas,⁴
1315 1546 1425 1631 paneis

296 1654 446 1740 quidem,
464 1651 520 1717 sed
544 1675 601 1738 pro
617 1655 762 1719 instituto
783 1663 891 1715 nostro
910 1652 982 1717 satis
1002 1651 1205 1717 adumbrasse
1224 1651 1313 1715 uehis
1332 1650 1426 1716 ride·

294 1781 381 1827 mur.
414 1759 595 1846 Aegyptum
613 1781 687 1826 vero
707 1759 904 1847 provinciam
928 1780 992 1845 qua
1011 1760 1132 1824 ratione
1152 1780 1216 1824 non
1234 1768 1298 1822 tam
1315 1757 1426 1823 Arrhi-

295 1864 370 1929 daei
394 1876 426 1930 et
451 1864 624 1931 Alexandri
653 1867 746 1953 pueri
770 1865 898 1931 nemine
930 1865 1110 1951 gubernare
1132 1876 1163 1930 et
1196 1865 1297 1945 tueri,
1316 1860 1426 1950 ¹quam

296 1970 459 2037 vindicare
476 1972 537 2036 sihi
560 1994 695 2059 regnum
720 1985 752 2037 et
774 1993 893 2059 augere
913 1969 1091 2051 studuerit,
1115 1990 1273 2056 exponere
1293 1970 1426 2055 longum

294 2089 344 2144 est
364 2098 424 2143 nee
446 2098 586 2146 necesse.
618 2078 706 2162 Quid
731 2080 826 2143 etiam
850 2088 933 2143 artes
952 2098 1125 2143 memorem
1144 2088 1178 2143 et
1195 2077 1321 2155 literas,
1334 2060 1427 2164 'qua-

291 2363 349 2416 Jnl.
366 2363 483 2414 Valerius
497 2364 525 2416 in
545 2364 627 2429 libro,
649 2364 682 2429 ah
697 2365 763 2429 Aug.
782 2364 845 2416 haio
860 2364 969 2432 primum
990 2366 1071 2429 edito,
1089 2363 1120 2413 do
1136 2363 1188 2413 reb.
1202 2370 1269 2431 gast.
1286 2361 1363 2412 Alea.
1379 2363 1427 2413 ΠΙ.

290 2446 331 2497 90
351 2464 424 2512 sqq„
442 2449 518 2512 enjus
539 2454 624 2498 tamma
642 2450 773 2515 scriptoris
794 2450 931 2500 auctoritas
949 2466 1025 2514 quam
1043 2450 1096 2500 lere
1121 2449 1194 2499 nulla
1219 2442 1267 2515 rit,
1292 2449 1358 2498 inira
1380 2462 1427 2497 sno

290 2532 355 2582 loeo
373 2531 478 2598 patebit.

330 2616 357 2683 1)
375 2619 457 2667 Strah.
479 2620 514 2667 et.
529 2619 599 2669 curt.
612 2618 630 2668 1.
648 2618 678 2682 1.,
694 2618 756 2667 item
775 2617 882 2667 Pansan.
900 2618 922 2667 1.
935 2615 961 2669 7.
975 2617 1001 2682 1,
1015 2618 1059 2681 qui
1075 2618 1191 2684 quidem,
1210 2622 1239 2666 ut
1250 2619 1304 2685 jam
1317 2620 1428 2671 animad-

290 2704 375 2755 vertit
387 2704 528 2768 Geierusp.
541 2701 590 2771 24,
609 2705 637 2752 in
660 2704 710 2753 hoe
730 2704 895 2753 vehementer
913 2704 990 2753 salsus
1013 2708 1066 2766 est,
1089 2704 1158 2767 quod
1181 2703 1319 2753 Alexandri
1335 2720 1428 2771 eorpus

294 2809 311 2842 ι
326 2789 495 2855 Philadelpho
512 2789 614 2839 demum
629 2788 770 2854 Hemphide
789 2790 965 2839 Alexandriam
983 2789 1142 2855 deportatum
1157 2789 1291 2838 credidit.-

328 2885 355 2953 2)
374 2890 409 2937 Eo
422 2891 538 2952 spectans
550 2904 591 2952 ap.
606 2886 709 2934 lucian.
722 2886 796 2934 Diol.
802 2886 881 2933 Mart.
887 2886 947 2933 1111
952 2866 1323 2954 ΑΙειαηάειεὙπισχνεῖται,
1333 2887 1426 2951 inquit,

292 2976 482 3054 Πτολεμαῖος
498 2969 517 3035 ri
534 2969 721 3057 dneenrerrjg
731 3010 772 3022 -
785 2971 817 3047 ἒς
832 2969 989 3053 At'yvmov
1003 2952 1165 3055 dnayayor'o
1174 2998 1213 3057 με
1226 2969 1341 3055 θάψειν
1353 2974 1425 3055 ἐκεῖ,

293 3070 533 3161 αἷς.γενοίμην
558 3068 609 3153 εἷς
634 3076 707 3139 τῶν
733 3072 950 3157 Αἷγυπτίων
971 3076 1080 3139 θεῶν.
1112 3089 1147 3137 lle
1168 3087 1276 3137 delubro
1291 3087 1427 3138 Alexandri

293 3182 423 3231 Theocriti
444 3187 504 3231 sunt
526 3192 625 3231 verous'
636 3182 717 3246 Idyll.
739 3181 818 3229 xvn.
837 3178 870 3228 te
887 3196 960 3243 oqq.‚
979 3182 1024 3230 uhi
1042 3182 1141 3231 cultum
1159 3182 1236 3231 luisse
1254 3181 1425 3231 Ptolemaeum
1523 3222 1528 3232 .

292 3267 371 3317 docet
395 3285 446 3319 una
476 3284 535 3317 oum
560 3267 703 3317 Alexandro
724 3267 806 3316 amieo
829 3270 857 3314 et
879 3268 1008 3316 communi
1033 3269 1166 3333 utriusque
1189 3274 1282 3332 proavo
1307 3262 1425 3319 llerc'ule.

291 3360 395 3410 Diodori
411 3362 429 3413 1.
448 3364 467 3415 l.
482 3364 545 3413 haee
564 3362 718 3433 auntlverba
735 3378 742 3409 ε
760 3344 984 3412 Κατεσκεύασεν
1007 3344 1059 3413 οὖν
1083 3346 1203 3431 τέμενος
1222 3346 1297 3413 antei
1316 3348 1351 3414 τό
1367 3348 1424 3432 μὲ

290 3452 386 3530 γεθος
404 3448 454 3511 καὶ
473 3442 551 3513 nerei
572 3446 633 3535 τήν.
648 3447 829 3536 mamardo
851 3453 907 3536 τῆς
923 3446 1116 3537 Ἀλεξάνδρου
1133 3447 1223 3535 δόξης
1238 3448 1327 3533 dhreo,
1347 3452 1379 3515 ἒν
1399 3445 1426 3542 ᾦ

290 3545 451 3633 κηδεύσας.
466 3549 560 3617 αὐτόν
581 3554 631 3617 καὶ
663 3553 786 3632 θυσίαις
816 3548 959 3639 ἡρωὶῐιαῖς
986 3555 1035 3617 καὶ
1068 3550 1161 3639 ἀγῶσι
1190 3552 1425 3640 μεγαλοπρεπέσι

289 3647 436 3735 τιμήσας,
462 3652 498 3718 eri
521 3651 592 3742 παρ’
612 3653 784 3743 ἀνθρώπων
813 3652 917 3739 μόνον,
947 3652 1022 3721 oillei
1028 3738 1032 3753 .
1046 3658 1095 3721 καὶ
1117 3654 1200 3744 παραὶ
1229 3658 1313 3722 θεῶν
1333 3656 1424 3737 καλάς

288 3750 420 3838 &perfide
440 3754 553 3841 ἔλαβεν.
573 3772 627 3823 lul.
649 3771 761 3836 denique
785 3772 901 3822 Valerius
926 3772 946 3821 l.
966 3771 986 3825 l.
1007 3770 1043 3821 92
1061 3788 1068 3822 =
1089 3774 1222 3837 «Erigitur
1243 3775 1320 3825 aedes
1346 3792 1423 3841 quam

288 3862 400 3911 maximo
423 3880 500 3929 opere
520 3865 650 3914 adinstar
670 3863 775 3928 templi,
799 3863 868 3928 quod
893 3863 970 3912 etiam
994 3879 1064 3913 nune
1084 3865 1220 3915 Alexandri
1244 3868 1420 3919 nominatur.»

288 3949 339 3999 nie
364 3955 450 3999 tamen
471 3963 561 4000 vrereor
582 3967 616 4000 na
639 3950 786 4000 eonlnderit
809 3949 946 3999 Alexandri
967 3950 1117 4017 delubrum,
1134 3970 1148 4003 a
1168 3953 1313 4004 Ptolemaeo
1331 3955 1389 4015 Lagi
1403 3955 1420 4003 l‘.

289 4034 442 4100 eonditma,
456 4052 515 4086 earn
526 4038 576 4086 alio
593 4026 773 4101 monumento,
783 4040 870 4101 poster
884 4036 986 4086 demum
1000 4042 1144 4106 exstructo,
1159 4039 1190 4089 de
1209 4057 1260 4105 quo
1274 4041 1361 4090 Strrho
1373 4039 1392 4088 l.
1402 4039 1420 4091 l.
1471 4026 1477 4035 ⁶

290 4148 326 4183 ex
335 4135 511 4184 emendatione
529 4134 669 4186 casanhmri
686 4153 694 4184 z
710 4118 819 4204 Μέρος
844 4120 907 4183 τῶν
926 4120 1082 4203 βάσιλείων
1103 4122 1168 4187 ἐστὶ
1188 4124 1237 4187 καὶ
1258 4120 1294 4187 od
1314 4116 1421 4185 notiori-

288 4240 380 4298 μενον
405 4221 510 4302 Σῆμα,
540 4216 559 4284 ὃ
584 4221 737 4306 περίβολος
761 4217 809 4307 ἤν,
838 4222 871 4285 ἓν
896 4213 924 4312 ᾧ
945 4222 976 4287 αἱ
997 4226 1057 4290 τῶν
1077 4222 1223 4308 βασιλέων
1243 4224 1350 4309 ταφαί,
1372 4224 1420 4285 καὶ

288 4314 315 4404 ἤ
334 4314 533 4407 Ἀὶλξᾶνδρου.
556 4338 590 4387 ef.
608 4339 655 4387 llio
679 4339 805 4403 Chrysost.
825 4338 857 4387 ad
876 4337 928 4389 lul.
942 4340 1026 4392 Valer.
1039 4360 1054 4392 a
1066 4343 1129 4393 ldaio
1144 4342 1262 4393 laudatus
1274 4345 1301 4389 et
1316 4339 1418 4392 Caseub.

289 4434 325 4486 ad
340 4437 444 4488 Sueten.
462 4440 575 4505 August.
595 4441 685 4489 xvl11.
715 4442 775 4489 Item
792 4425 884 4508 Σῆμα
900 4439 966 4490 illnd
988 4442 1129 4492 aedificarit
1154 4442 1311 4493 Ptolemaeus
1333 4442 1418 4492 Philo-

287 4537 374 4598 μίαν,
391 4541 421 4584 ut
435 4536 515 4585 refert
532 4536 625 4586 zenon
641 4538 718 4588 Pron.
735 4539 783 4590 111.
799 4538 835 4590 94
852 4558 858 4590 :
876 4522 921 4591 ’Ea
948 4524 1031 4610 μὲσει
1051 4529 1093 4616 τῇ
1113 4518 1195 4591 πόλει
1215 4528 1320 4611 μνῆμα
1342 4530 1418 4593 οἷκο-

287 4620 443 4709 δομήσας,
466 4624 486 4690 ὃ
506 4626 559 4691 orio
578 4628 669 4712 Σῆμα
688 4632 831 4711 καλεῖται,
853 4627 966 4708 πάντας
987 4632 1049 4695 ἐκεῖ
1065 4629 1134 4707 τούς
1151 4624 1341 4719 προπάτορας
1364 4628 1418 4697 orio

287 4721 372 4816 αὖτῇ
389 4726 548 4812 κατέθετο,
569 4731 619 4795 καὶ
637 4726 831 4818 Ἀλέξανδρον
850 4732 903 4797 τόν
923 4728 1094 4799 Μακεδόνα.
