3617 5892
802 691 865 804 πο

267 914 310 978 sit
327 914 393 976 sire
411 912 507 989 alius,
528 910 568 973 de
584 910 752 978 arboribus
764 925 945 980 narrantem
961 911 1061 1002 τριῶν
1079 907 1234 998 πλέθρων
1250 910 1404 977 umbram

268 1017 498 1098 efficientibus3
519 1017 702 1082 memorabo
715 1019 899 1086 Nearchum
923 1019 1059 1108 (Arrian.
1077 1014 1185 1081 lodic.
1205 1017 1262 1084 XI.
1282 1014 1398 1103 7.),de

267 1123 341 1188 aliis
360 1123 564 1201 referentem,
585 1110 632 1184 ὦν
655 1113 712 1207 τήν
738 1115 828 1210 σκιὴν
853 1120 891 1197 ἐς
917 1121 1035 1188 πέντε
1060 1117 1222 1207 πλέθρα
1243 1118 1274 1184 ἐν
1294 1112 1398 1204 κύκλῳ

266 1223 481 1307 ἐξικνέεσθαι,
504 1223 559 1290 καὶ
580 1217 619 1289 ἂν
632 1222 776 1312 popinae
795 1216 863 1292 δπδ
884 1223 931 1290 ἐνὶ
953 1221 1079 1311 δένδρεϊ
1096 1212 1304 1300 ,σκιάζεσθαι
1335 1225 1398 1290 Sed
1476 1273 1478 1276 -
1526 1207 1527 1214 λ

266 1353 376 1417 παραυ
402 1331 455 1396 hie
480 1331 708 1409 constiterunt,
744 1333 799 1417 qui
828 1332 974 1396 omnihus
1000 1331 1148 1414 impense
1172 1330 1400 1414 exaggerandis

266 1435 329 1500 sihi
349 1438 530 1524 placebant.
565 1439 677 1501 Ficum
697 1437 844 1521 arborem
872 1435 1107 1522 Theophrastus
1126 1445 1279 1500 memorat
1298 1434 1399 1524 (Hire

268 1542 389 1608 Plant.
408 1543 465 1611 IV.
498 1547 529 1609 4.
559 1540 616 1628 4.),
639 1564 739 1628 prope
757 1542 925 1607 Acesinem
948 1553 1163 1620 crescentem,
1185 1563 1283 1628 quem
1306 1565 1400 1608 aece-

264 1660 360 1734 perat
383 1643 448 1710 ἑπλ
474 1637 542 1711 δύο
568 1637 708 1711 στάδια
734 1651 841 1711 ποιεῖν
865 1638 922 1733 νῆν
949 1636 1047 1712 σκιάν.
1077 1648 1119 1712 At
1143 1659 1263 1736 quanto
1287 1634 1399 1714 mode-

266 1756 348 1819 stius
374 1755 419 1831 is,
448 1753 503 1840 qui
532 1751 749 1838 Theophrasto
774 1764 887 1816 auctcr
916 1751 997 1830 fuit,
1029 1775 1127 1841 quam
1153 1757 1209 1842 qui
1237 1755 1401 1842 lingebant

266 1848 439 1945 ἓωράσδαι
467 1853 571 1941 πέραν
599 1853 660 1920 τοῦ
685 1845 881 1943 Ὑαρολυιδος
908 1853 1052 1945 δένδρον,
1084 1857 1198 1950 ποιοῦν
1223 1851 1313 1924 auceia
1331 1863 1403 1935 ταῖς

265 1958 485 2050 μεσημβρίαις
510 1949 803 2026 πεντασταδιον.
844 1961 918 2030 Vid.
945 1963 1050 2030 Strab.
1083 1965 1106 2032 l.
1135 1965 1156 2031 l.
1184 1988 1215 2051 p.
1247 1968 1332 2030 1017
1361 1961 1427 2032 Β.’

264 2066 379 2132 Altera
396 2066 502 2143 arhor,
523 2064 563 2129 ab
582 2065 765 2151 Aristobulo
777 2067 882 2148 dicta,
902 2069 1007 2156 qualis
1024 2069 1138 2149 fuerit,
1151 2073 1270 2157 primus
1282 2073 1403 2138 felicis-

266 2174 348 2237 sima
368 2171 570 2256 conjectura,
594 2193 681 2237 nunc
699 2173 864 2241 codicibus
882 2176 959 2240 satis
976 2177 1126 2263 probata,
1149 2177 1269 2256 detexit
1286 2178 1402 2244 (lasau-

266 2281 384 2344 honus.
418 2274 597 2361 Legebatur
625 2299 633 2340 ε
658 2274 789 2365 δένδρον
817 2270 856 2342 ου’
868 2270 1051 2364 -μεμκίλυυςί
1072 2271 1191 2365 λόβους
1223 2279 1404 2366 λέπισμανα

266 2374 416 2469 καρπούς
433 2375 513 2463 ἔχου.
545 2379 741 2461 Λὲπισμαια
760 2372 907 2469 καρποδς
927 2385 1021 2450 inane
1048 2409 1115 2450 esse
1137 2389 1403 2473 interpretamen-

268 2501 358 2565 tum,
379 2497 466 2550 rectc
488 2483 568 2548 sidit
586 2484 633 2549 vir
650 2485 899 2570 sagacissimus:
925 2513 995 2554 nam
1017 2482 1187 2582 ἇμφίεσμα
1208 2493 1276 2572 rel,
1300 2506 1337 2559 ut
1356 2504 1405 2558 est

267 2596 304 2656 in
339 2590 490 2677 Erymot.
519 2589 568 2655 M.
596 2613 628 2677 p.
660 2593 744 2671 569,
780 2593 840 2672 14,
872 2581 999 2678 οἷγρεῖον
1025 2586 1148 2680 κυάμου
1173 2589 1299 2679 λοβδς.
1335 2598 1403 2666 Nec

267 2701 376 2763 minus
395 2698 562 2782 praeclare
584 2719 601 2761 e
629 2719 706 2762 voce
728 2686 887 2782 μεγάλους
909 2698 1106 2786 deprompsit
1128 2697 1209 2786 μέγα
1231 2701 1402 2790 (simillima

268 2816 318 2869 est
335 2803 504 2888 dictio'ap.
529 2803 635 2868 Strab.
654 2803 747 2872 XVII
762 2807 797 2888 ρ.
823 2805 910 2869 1178
931 2802 981 2892 C),
1001 2826 1101 2892 quum
1122 2796 1172 2873 rix
1192 2807 1327 2873 dubium
1344 2811 1401 2890 sit,

268 2909 350 2998 quin
365 2898 487 2991 κύαμος
507 2909 540 2974 h.
560 2910 582 2974 l.
599 2931 662 2974 non
682 2911 859 2997 quamlibet
882 2911 1005 2991 fabam,
1028 2911 1330 3001 sedAegypliaeam
1348 2916 1404 2981 de·
1511 2957 1519 2981 s

267 3020 393 3103 signet,
416 3014 455 3078 de
473 3037 535 3102 qua
553 3004 679 3101 ¹praeter
698 3015 802 3082 Strab.
824 3018 846 3082 l.
869 3018 891 3083 l.
911 3041 943 3103 p.
964 3017 1084 3084 1151A'
1103 3011 1205 3106 agunt
1221 3004 1403 3088 Athenaeus

267 3124 320 3189 III
341 3144 372 3205 p.
395 3123 437 3184 72
465 3142 535 3208 sqq.
568 3134 600 3186 et
625 3122 745 3186 Plinius
775 3122 895 3191 XVIII.
922 3127 976 3191 30.
1016 3126 1063 3194 Cf.
1084 3107 1216 3196 Salmas.
1242 3128 1402 3196 ad'Solin.

269 3253 304 3320 p.
325 3229 391 3292 687
414 3248 484 3313 sqq.
517 3227 608 3290 Tales
626 3227 659 3290 in
678 3227 768 3291 india
796 3251 896 3314 quum
919 3230 1047 3296 vidisset
1066 3232 1245 3298 Alexander
1268 3237 1300 3298 in
1319 3234 1401 3299 Aee-

269 3336 348 3398 sinis
372 3334 466 3420 ripis,
502 3334 602 3419 magis
634 3334 727 3398 etiam
763 3335 826 3398 Nili
850 3337 979 3401 initium
1008 3361 1040 3401 se
1066 3340 1218 3425 reperisse
1243 3341 1400 3425 ,putabat;

269 3439 360 3526 quod
383 3450 539 3504 testantur
565 3439 677 3504 Strabo
697 3437 754 3504 XV
774 3463 807 3527 p.
839 3443 925 3506 1020
944 3442 970 3507 Β
995 3454 1027 3507 et
1043 3442 1196 3510 Arrianus
1226 3443 1292 3514 VI.
1309 3449 1339 3513 1.
1368 3447 1400 3516 2.

786 3632 869 3716 'xa

317 3807 480 3876 Plutarch.
496 3801 541 3873 ’δι
556 3807 673 3875 Notat.
695 3806 781 3876 XIX.
806 3804 958 3885 Ἰνδικοδς
967 3801 1062 3885 κύνας
1071 3810 1178 3900 διῖρον
1186 3811 1403 3901 πεμφθέντας

268 3904 471 4001 Ἀλεξάνδρῳ
497 3912 599 4001 φησὶν
629 3905 954 4001 Ἀριατδβουλος,
980 3908 1066 4002 πρὸς
1089 3913 1148 4000 μὲν
1172 3909 1249 3991 roric
1269 3909 1403 4005 ἇγρίους

269 4006 413 4103 ταύρους
432 4015 486 4081 καὶ
505 4008 594 4104 ὀρεῖς
614 4007 776 4104 deprimor
796 4015 1098 4104 προβαλλομένους,
1122 4010 1286 4107 &scriptove
1306 4043 1403 4086 κανα-

269 4123 419 4199 κεῖσδαι,
441 4112 525 4206 πρδς
546 4117 584 4184 δὲ
603 4112 659 4186 oda
680 4117 864 4207 εἰσηγμένον
884 4119 997 4186 λέοντα
1019 4112 1259 4210 ἐκδορήσαννας
1280 4113 1402 4206 εἰςμδ-

270 4247 330 4309 χρυ
352 4215 574 4310 ἅπερρἰφθαι.
798 4207 802 4212 ’

317 4329 476 4396 Videntur
494 4327 669 4415 significari
692 4351 799 4412 canes,
825 4352 904 4417 quos
919 4329 1110 4396 Alexandro
1121 4331 1239 4396 obtulit
1255 4330 1401 4418 Sopithes

271 4435 324 4497 rel
344 4435 491 4521 Sophites
515 4437 598 4515 Rex,
623 4435 715 4519 eujus
735 4436 887 4502 ditionem
910 4439 1023 4504 Strabo
1045 4438 1068 4505 l.
1087 4437 1110 4503 l.
1131 4459 1164 4523 p.
1195 4439 1282 4502 1024
1306 4440 1335 4503 A
1360 4439 1401 4506 ab

272 4540 344 4604 aliis
360 4543 403 4605 alt
421 4543 505 4606 inter
522 4542 702 4629 Hydaspem
720 4555 753 4608 et
773 4545 940 4611 Acesinem
962 4543 1133 4622 collocari,
1155 4543 1195 4608 ab
1214 4543 1284 4610 aliis
1307 4567 1400 4638 ¹rssrri,

274 4665 414 4732 quorum
433 4659 507 4713 sunt
525 4648 681 4716 Diodorus
703 4661 734 4713 et
755 4651 895 4731 Curtius,
918 4663 1004 4716 trans
1024 4649 1191 4717 Acesinem
1207 4662 1239 4714 et
1258 4651 1401 4740 Hydrae·

196 4818 197 4825 ρ
273 4753 343 4817 tin.¹
357 4751 403 4820 Cf.
422 4753 573 4841 Droysen.
591 4757 613 4824 l.
632 4757 655 4823 l.
675 4778 708 4842 p.
730 4758 806 4826 414.
836 4758 883 4821 De
909 4778 1024 4824 canum
1048 4757 1178 4823 illorum
1200 4768 1269 4825 tum
1288 4769 1401 4823 natura
