3617 5892
927 724 970 787 40

387 902 445 987 qui
466 900 540 965 Pori
564 898 667 966 lilium
684 899 810 985 scripsit
837 918 913 963 cum
941 898 1127 985 eoaoginta
1153 873 1301 964 curribus
1325 896 1515 979 advenisse,

385 1015 575 1093 anteaquam
585 1002 762 1071 Alexander
774 1004 880 1089 copias
895 1024 933 1071 ex
950 1004 1054 1069 insula
1071 1002 1225 1091 Hydaspis
1240 1005 1275 1069 in
1290 1006 1393 1092 ripam
1409 1016 1515 1071 trans-

384 1112 531 1179 misisset.
569 1110 684 1177 Contra
709 1110 927 1190 Ptolemaeus,
957 1110 1015 1197 qui
1040 1111 1116 1196 -ipse
1146 1110 1344 1197 expeditioni¹
1365 1113 1518 1194 interfuit

386 1215 455 1306 (13.
474 1213 533 1303 1.),
552 1217 625 1281 Pori
646 1216 748 1282 lilium
765 1237 840 1282 cum
858 1215 988 1283 duobus
1006 1216 1149 1282 millibus
1167 1218 1314 1303 equitnm
1330 1228 1362 1282 et
1378 1232 1518 1285 eentum

383 1324 517 1410 viginti
533 1322 683 1387 curribus
706 1322 884 1408 proiectum
908 1326 1076 1389 accessisse
1097 1322 1280 1405 contendit,
1299 1344 1400 1409 quum
1418 1324 1517 1391 Alex·

383 1427 482 1495 ander
503 1428 572 1512 jam
599 1428 748 1494 ultimum
773 1428 889 1495 vadum
919 1452 956 1495 ex
978 1430 1083 1495 insula
1105 1429 1291 1513 trajecisset.
1321 1430 1428 1517 Atque
1450 1430 1517 1496 hoc

381 1533 763 1621 Lagidaetestimonium,
783 1536 843 1600 sibi
864 1535 1051 1622 probatum,
1071 1536 1223 1602 Arrianus
1236 1531 1364 1625 (14.5.)
1384 1538 1517 1601 rationi·

380 1642 441 1707 bus
463 1640 550 1705 haud
570 1643 614 1707 ita
635 1641 807 1707 inconditis
833 1640 961 1708 firmare
986 1642 1110 1709 nititur.
1152 1642 1200 1709 cf.
1221 1641 1411 1729 llroysenl.
1433 1640 1457 1710 l.
1479 1665 1515 1729 p.

382 1748 461 1815 993.
493 1744 582 1811 Idem
604 1757 707 1813 tamen
728 1748 785 1811 ille
793 1757 1108 1836 ,quantamcunque
1131 1749 1165 1811 in
1190 1748 1304 1812 ceteris
1329 1745 1426 1811 fidem
1447 1769 1516 1812 me-

382 1863 490 1932 retur,
511 1854 618 1919 nescio
637 1856 676 1919 ari
698 1876 871 1935 curruum,
893 1853 975 1919 adde
996 1856 1140 1941 equitum
1156 1836 1325 1919 numerum
1343 1874 1419 1917 rere
1436 1874 1515 1917 eon·

382 1958 533 2025 stituerit.
556 1960 670 2025 Fertur
686 1959 799 2024 saltem
823 1960 927 2025 Rex
917 1982 985 2047 ipse
1002 1958 1121 2045 hunc
1111 1982 1146 2023 ιο
1169 1958 1300 2024 modum
1324 1957 1365 2023 de
1392 1958 1517 2043 proelio

380 2060 568 2159 scripsisse.
597 2070 697 2139 Toiv‘
684 2070 813 2139 ιττπέων
833 2071 987 2157 xillano
1008 2071 1062 2138 καὶ
1079 2072 1144 2138 τῶν
1161 2061 1325 2173 ἁρμάτων
1332 2062 1518 2161 εξὴκοντα

382 2172 593 2265 συμπεσόντα
613 2170 836 2269 τρεψάμενος,
856 2204 899 2246 τα
925 2172 1032 2266 μὲν·“
1009 2204 1152 2267 αρματα
1159 2170 1313 2263 lepidst
1291 2200 1431 2262 απαντα,
1450 2177 1518 2244 τῶν

344 2334 347 2338 -
382 2284 548 2356 δῖντντὲων
570 2280 690 2355 cueleio
710 2286 1002 2376 τετρακοσίους
1035 2290 1110 2357 Vid.
1134 2288 1298 2357 Plutarch.
1320 2286 1396 2357 Vir.
1418 2286 1517 2355 Alae.

380 2394 446 2461 Lx.
480 2392 609 2460 Curtius
640 2392 745 2481 (VIII.
770 2395 823 2461 14.
852 2390 899 2481 2.)
930 2406 967 2459 ut
994 2417 1104 2461 rursus
1125 2397 1160 2461 in
1186 2397 1271 2461 omni
1296 2393 1357 2461 hac
1378 2417 1413 2460 re
1439 2395 1516 2460 alios

327 2547 330 2553 ,
380 2500 483 2567 fontes
517 2500 612 2581 adiit,
645 2500 690 2565 ita
725 2500 800 2565 Pori
831 2522 894 2564 non
912 2499 1039 2586 filium
1068 2502 1276 2589 praemissum
1303 2512 1429 2583 narrat,
1461 2499 1517 2566 sed

374 2606 551 2695 fratrom,
577 2606 1036 2689 Hagennomine,cum100
1063 2608 1227 2697 quadrigis
1255 2620 1287 2673 et
1310 2611 1398 2675 4000
1424 2609 1517 2696 equi·

382 2712 479 2780 tibus.
508 2713 689 2778 Ptolemaeo
717 2712 752 2775 iu
779 2710 841 2779 hoc
871 2723 996 2777 tantum
1027 2715 1201 2794 consentit,
1224 2714 1313 2801 quod
1336 2714 1517 2792 :«1mber,

380 2818 504 2907 inquit,
525 2820 696 2883 violentius
727 2815 825 2906 quam
847 2818 923 2881 alias
948 2817 1057 2897 lusus,
1080 2841 1208 2906 campos
1230 2819 1370 2886 lubricos
1391 2830 1423 2883 et
1446 2820 1521 2883 ine-

247 2991 260 2999 „
382 2925 555 3013 quitahiles
572 2926 711 2997 fecerun
737 2943 914 3009 gravesque
934 2934 966 2987 et
983 2924 1214 3010 propemodum
1239 2925 1414 2991 immobiles
1437 2944 1521 3036 cur-

383 3052 438 3095 rus
459 3026 586 3095 illuvie
590 3050 628 3092 ac
647 3027 852 3115 voraginibus
871 3028 1083 3097 haerebant.»

428 3130 496 3199 De
504 3145 649 3220 tempore
681 3134 779 3217 hujus
806 3135 921 3220 proelii
954 3156 1054 3223 quum
1088 3137 1249 3224 quandam
1284 3160 1352 3205 esse
1391 3146 1519 3208 centro·

374 3231 520 3307 'versiam
547 3239 689 3321 videam,
715 3241 756 3306 ab
783 3240 845 3307 hoc
870 3240 1002 3329 quidem
1030 3244 1119 3309 Ιοοο
1129 3266 1194 3309 non
1219 3246 1359 3310 alienum
1385 3246 1426 3309 sit
1449 3265 1520 3308 earn

387 3348 606 3435 quaestionem
634 3348 731 3433 paulo
762 3350 943 3414 accuratius
967 3359 1118 3417 tractare.
1155 3334 1260 3416 Τοῦτο
1280 3372 1319 3415 το
1310 3340 1447 3426 τέλος,
1475 3349 1520 3413 ait

383 3453 596 3523 ArrianusV.
619 3456 671 3521 19.
698 3457 717 3519 3
728 3450 797 3540 ,τῇ
816 3441 904 3541 μάχῃ
926 3450 967 3540 τῇ
988 3446 1075 3542 πρὸς
1094 3441 1217 3540 Πῶρόν
1237 3472 1275 3516 τε
1294 3448 1349 3515 καὶ
1364 3472 1448 3580 ,ecoe
1469 3445 1521 3518 ἐπ’

385 3560 488 3629 ἐκεῖνα
506 3585 565 3629 του
551 3551 748 3629 Ὑδάσπου
773 3560 925 3643 ποταμοῦ
950 3552 1069 3659 Ἰνδούς
1090 3547 1339 3647 Ἀλεξάνδρῳ’
1320 3552 1445 3645 peno
1468 3552 1521 3625 ἐτι

388 3660 546 3757 ἄρχοντος
560 3662 755 3757 Ἀθηναίοις
768 3658 953 3753 Ἡγεμόνος,
974 3667 1326 3757 μῆνοςΜουνυχιῶνος.
1348 3668 1414 3750 Qui
1429 3669 1520 3735 locus

390 3799 493 3866 quum
519 3780 724 3847 Schmiedero
762 3800 907 3867 pugnare
934 3778 1096 3848 videretur
1131 3781 1177 3869 (id
1207 3780 1334 3870 quode'
1306 3804 1388 3865 Jam
1416 3783 1520 3849 nsum

386 3886 492 3953 luerat
509 3887 635 3953 Radere
654 3887 694 3956 ad
712 3889 799 3955 Gurt.
819 3887 909 3956 VIII.
929 3889 982 3954 14.
998 3883 1069 3974 46.)
1088 3909 1164 3954 cum
1178 3888 1395 3975 superioribus
1414 3888 1521 3955 verbis

387 3993 514 4058 Arriani
535 3994 559 4062 l.
585 3994 608 4062 l.
634 3998 668 4063 9.
696 3976 737 4074 5⁴,
759 3996 837 4081 quia
855 3993 979 4057 scilicet
998 3992 1060 4058 hoe
1078 3995 1180 4061 altero
1198 3996 1271 4061 loco
1290 3995 1384 4059 circo
1401 3994 1520 4059 solsti-

268 4126 271 4133 ·
387 4102 480 4164 tium
497 4101 668 4165 aestivum
685 4100 726 4165 ad
741 4100 920 4186 Hydaspem
933 4099 1152 4167 Alexandrum
1169 4112 1270 4167 castra
1286 4098 1436 4164 habuisse
1454 4111 1522 4165 tra·

387 4202 493 4284 deret,
514 4206 702 4271 mutandum
719 4207 844 4285 cepsuit
862 4206 1055 4272 vocabulum
1078 4203 1326 4293 Μουνυχιῶνος,
1348 4208 1408 4292 qni
1427 4228 1522 4271 men·
1545 4244 1550 4252 ι

386 4310 427 4373 sis
445 4311 637 4398 Hegemonis
665 4335 748 4378 anno
771 4310 842 4378 ad.
862 4314 903 4377 19
922 4313 1001 4398 Apr.
1021 4312 1207 4399 perduravit
1227 4311 1267 4377 ad
1286 4311 1320 4379 d.
1338 4315 1379 4376 18
1396 4313 1470 4397 Maji
1488 4336 1521 4381 a.

386 4416 471 4495 ³26,
495 4420 529 4481 in
548 4417 835 4505 Μεταγειτνιῶνος.
865 4417 1006 4482 Eandem
1034 4418 1250 4502 conjecturam
1279 4417 1430 4502 deinceps
1452 4440 1523 4483 am-

386 4520 472 4607 plexi
499 4535 572 4587 sunt
606 4508 787 4603 Glintonus,
819 4524 1025 4609 Kruegerus,
1055 4524 1195 4613 aliique,
1223 4524 1424 4589 immemores
1450 4535 1523 4591 tum

386 4625 482 4690 etiarn
509 4650 566 4715 pro
592 4617 764 4713 Ἡγεμόνῖις
791 4628 964 4716 legendnm
990 4651 1057 4695 esse
1079 4626 1267 4717 Χρέμητος,
1290 4632 1349 4716 qni
1374 4630 1522 4717 proximo

385 4744 457 4817 post
471 4734 686 4824 Hegemonem
704 4756 786 4803 anno
803 4734 932 4803 Archon
948 4734 1028 4817 luit,
1047 4757 1087 4803 ne
1106 4746 1193 4803 retro
1209 4736 1426 4822 computando
1443 4736 1519 4823 plu·
