3617 5892
953 692 1016 780 52'

414 893 498 981 hysis
518 893 541 958 l.
553 891 716 977 sepulcro,
738 890 963 980 pretiosissimo
976 888 1227 975 Pasargadarum
1237 903 1458 972 monumento,
1475 892 1542 979 ipse

414 1021 448 1063 se
468 997 666 1085 designatum
687 996 727 1060 ab
745 994 926 1061 Alexandro
944 998 1057 1075 refert,
1079 997 1135 1083 qui
1155 997 1349 1083 perfractum
1367 997 1451 1062 illud
1469 1021 1541 1083 spo·

414 1106 591 1189 liatumque
603 1100 642 1166 de
654 1104 779 1187 integro
794 1103 985 1167 instauraret
996 1113 1028 1167 et
1037 1104 1170 1188 pristino
1182 1113 1296 1167 ornatu
1307 1103 1492 1168 restitueret
1501 1102 1538 1191 ¹).

413 1208 578 1297 Quidquid
599 1220 661 1287 est,
680 1219 798 1295 quanta
810 1207 982 1273 Alexandri
1005 1209 1106 1295 gratia
1126 1208 1286 1287 floruerit,
1308 1207 1387 1273 haec
1404 1210 1471 1294 ipsa
1494 1231 1540 1273 res

414 1316 541 1405 egregie
565 1313 711 1379 ostendit.
743 1315 768 1379 Ε
795 1336 911 1401 magno
936 1315 1021 1379 enim
1040 1314 1168 1394 dolore,
1186 1336 1284 1401 quem
1306 1314 1348 1379 ab
1366 1316 1464 1400 impio
1481 1316 1542 1380 isto

366 1412 372 1431 '
412 1425 552 1488 iecinore
573 1421 629 1484 ille
648 1420 766 1507 cepisse
784 1418 933 1499 traditur,
947 1442 1135 1507 summaque
1152 1441 1245 1501 cura,
1264 1442 1328 1507 qua
1346 1419 1414 1503 ejus
1430 1434 1542 1487 aucto·

412 1550 460 1593 res
488 1527 655 1615 exquirere
683 1537 714 1589 et
740 1526 891 1592 violatum
924 1527 1106 1613 sepulcrum
1133 1526 1264 1591 relicere
1293 1525 1432 1609 studuit,
1452 1526 1543 1592 haud

411 1636 477 1699 sine
501 1633 622 1698 ratione
643 1633 776 1719 colligo,
797 1634 935 1719 Regem,
962 1635 1014 1699 cui
1035 1646 1158 1699 tantum
1177 1633 1342 1719 negotium
1362 1634 1541 1699 committe-

411 1751 479 1819 ret,
499 1738 632 1803 nonnisi
649 1740 818 1823 probatum
835 1740 895 1803 sibi
908 1752 939 1805 et
950 1751 1110 1825 spectatae
1127 1739 1202 1804 fidei
1213 1739 1316 1803 virum
1332 1737 1488 1826 delegisse
1498 1737 1538 1825 ²).

410 1844 551 1911 Alterius
571 1845 666 1909 etiam
691 1846 750 1910 sihi
771 1845 912 1909 mandati
929 1849 1069 1913 muneris
1087 1845 1289 1911 Aristobulue
1308 1844 1394 1931 apud
1412 1846 1540 1911 Strabo·

410 1972 484 2015 nem
508 1951 651 2015 meminit
664 1948 702 2036 3);
728 1950 814 2038 quod
843 1951 937 2035 cujus
964 1953 1062 2017 fuerit
1085 1964 1218 2017 naturae
1244 1952 1302 2017 etsi
1324 1974 1451 2037 prorsus
1476 1974 1539 2018 non

410 2059 513 2144 liquet
534 2056 677 2121 -nude
702 2059 786 2121 enim
806 2054 862 2122 ert
882 2080 953 2121 τινα
972 2055 1084 2145 χρείαν
1105 2081 1139 2123 se
1158 2059 1289 2125 missum
1309 2058 1421 2122 scribit
1438 2071 1537 2123 -sat

410 2174 516 2227 tamen
536 2161 749 2229 honorificum
769 2164 910 2227 siluisse
931 2172 999 2226 tuto
1017 2164 1110 2227 statui
1129 2175 1246 2249 potest.
1573 2149 1575 2154 ⁵

454 2271 547 2333 Patre
567 2279 658 2332 natus
680 2280 727 2333 est
747 2268 948 2332 Aristobulus
968 2267 1029 2352 ipsi
1051 2256 1212 2354 ὁμωαὺμῳ
1228 2269 1413 2335 Aristobulo
1423 2266 1465 2356 ⁴).
1490 2270 1537 2335 Ile

409 2364 512 2460 patria
530 2373 617 2437 haud
637 2396 833 2461 magnopere
855 2384 988 2439 constat.
1012 2374 1119 2459 Vulgo
1136 2366 1367 2462 Κασσανδρεύς
1383 2374 1488 2442 dictus
1499 2375 1535 2461 ⁵),

409 2502 474 2565 quo
495 2479 621 2559 nomine
640 2480 772 2544 sortasse
793 2482 827 2543 in
846 2480 951 2565 operis
971 2479 1100 2545 exordio
1120 2480 1189 2566 ipse
1206 2482 1393 2562 sevocavit,
1409 2482 1538 2549 Cassan-

408 2584 510 2649 driam
538 2584 685 2650 habuisse
712 2586 848 2671 patriam
876 2587 1083 2678 existimatur.
1124 2586 1214 2651 Hanc
1237 2608 1312 2650 vero
1337 2587 1537 2654 Macedoniae

409 2694 569 2757 civitatem
586 2713 687 2778 quum
708 2692 836 2756 demum
858 2716 886 2759 a.
910 2697 992 2771 315,
1014 2691 1161 2757 deductis
1188 2714 1225 2757 eo
1251 2693 1426 2758 multorum
1447 2695 1538 2780 oppi-

409 2798 520 2870 dorum
540 2800 672 2877 incolis,
703 2799 862 2884 Antipatri
887 2798 972 2862 filius
998 2794 1170 2863 Cassander
1196 2796 1375 2862 condiderit
1386 2797 1425 2885 ⁶),
1447 2806 1539 2863 Κασ-

409 2900 572 2991 redoleo
597 2924 774 2988 cognomen
793 2906 898 2989 palam
920 2916 966 2967 est
986 2925 1048 2967 non
1068 2904 1128 2968 nisi
1152 2904 1207 2969 diu
1231 2916 1301 2989 post
1323 2905 1440 2969 obitum
1457 2904 1540 2968 Ale-

408 3004 518 3069 xandri
548 3008 589 3070 ab
611 3008 794 3072 Aristobulo
821 3007 954 3073 adscisci
981 3010 1138 3095 potuisse,
1174 3010 1212 3074 ln
1240 3008 1301 3074 hac
1334 3011 1429 3096 igitur
1453 3030 1538 3074 nova

410 3110 552 3191 civitate,
574 3114 663 3175 brevi
680 3113 723 3177 ita
744 3126 857 3193 aucta,
879 3127 916 3178 ut
940 3114 1142 3231 Macedoniae
1160 3117 1289 3182 urbium
1302 3117 1473 3202 plurimum
1482 3138 1539 3181 ra·

441 3364 456 3413 1
474 3364 581 3416 ‘Fratrm
600 3366 672 3419 XLV.

414 3451 419 3461 ⁴
438 3364 468 3514 ἳ)
486 3402 614 3519 Qudirdam
629 3454 705 3502 eliam
722 3454 868 3520 caritatem,
889 3472 930 3505 me
945 3424 1052 3520 judice,
1071 3456 1147 3505 rerba
1163 3453 1273 3521 spirent,
1287 3454 1382 3520 quibus
1393 3456 1539 3518 indignatus

407 3538 548 3589 Alexander
565 3541 738 3590 Aristobulum
751 3557 842 3591 cecum
854 3543 882 3591 in
894 3543 1008 3607 Hydaspe
1018 3542 1179 3604 navigantem
1194 3541 1340 3605 objurgasse
1351 3543 1442 3592 fertur.
1460 3542 1540 3591 Locus

406 3624 471 3672 isrfra
490 3627 637 3675 tractandus
653 3628 748 3690 legitur
766 3644 807 3693 sp.
823 3628 927 3677 lucian.
947 3630 1034 3687 Quom.
1053 3630 1115 3679 Aist.
1134 3644 1229 3679 omer.
1249 3631 1288 3677 sit
1302 3628 1355 3681 llll.

415 3764 419 3775 ,
439 3708 466 3775 3)
485 3712 581 3773 Fragor.
599 3713 708 3765 XXXVI.

440 3793 467 3844 lt
485 3797 584 3847 Arrian.
603 3800 715 3848 Prodem.
735 3799 764 3858 14
785 3802 827 3849 Vl.
846 3800 888 3849 28.
907 3799 932 3850 3.

415 3862 466 3945 1⁴5)
485 3884 587 3937 Lucina.
617 3886 730 3934 Macrod.
755 3886 823 3937 XXll
849 3887 956 3953 (Frugm.
983 3883 1028 3950 L),
1058 3884 1188 3937 Plutarch.
1218 3888 1268 3937 Vir.
1297 3889 1427 3940 Barnostlr.
1455 3887 1541 3943 xxm
1616 3901 1617 3910 ¹

406 3965 585 4036 (Pragm.'ll.);
605 3968 700 4021 Athen.
720 3972 745 4019 ll
763 3988 788 4037 p.
807 3968 841 4021 le
859 3974 888 4036 Ι),
907 3972 943 4021 vt
960 3988 985 4038 p.
1004 3970 1053 4021 351
1067 3973 1094 4021 'A
1112 3974 1219 4039 [Fmgm.
1237 3975 1268 4024 V.
1285 3971 1395 4038 ΧΧΙΧ.)

440 4055 465 4120 6)
484 4058 503 4104 ll
520 4055 625 4104 Pausun.
645 4055 674 4106 V.
694 4053 736 4106 23.
754 4056 780 4121 2,
800 4058 880 4107 Streb.
899 4060 959 4107 lixo.
978 4059 1025 4108 Vll
1042 4073 1067 4123 p.
1087 4056 1138 4107 510
1155 4059 1192 4123 A,
1205 4058 1292 4125 Steph.
1304 4060 1360 4123 Byr.
1371 4076 1394 4111 s.
1405 4076 1429 4112 v.
1441 4059 1541 4127 p.1e1,

403 4149 437 4198 ao
454 4154 481 4199 a
504 4167 529 4199 v.
553 4136 704 4229 Hortatore
727 4170 752 4218 p.
770 4152 840 4218 ses,
859 4153 907 4219 οι,
925 4155 991 4205 rna
1009 4156 1043 4204 n.
1066 4156 1102 4205 n.
1120 4156 1153 4205 n.
1172 4155 1220 4219 es,
1238 4156 1282 4209 1v.
1298 4153 1341 4220 1⁷,
1359 4156 1542 4208 rosensem

403 4242 562 4323 potissimum
582 4244 752 4293 Cassandriam
776 4244 901 4295 deductos
926 4245 1080 4325 crediderim
1104 4246 1149 4295 sed
1174 4246 1304 4296 manuari
1322 4246 1410 4311 jussu,
1436 4262 1468 4297 ex
1486 4242 1543 4297 ilii·

404 4328 479 4377 etiam
502 4330 649 4379 civitatibus
666 4332 735 4380 haud
765 4346 859 4397 paucos
884 4348 916 4381 eo
940 4332 1107 4396 confluxisse,
1131 4333 1215 4396 arguit
1238 4332 1311 4383 loeus
1328 4333 1449 4386 classicus
1465 4332 1541 4382 Diod.

404 4424 453 4474 Sic.
477 4426 541 4478 xlx.
567 4426 601 4477 52
620 4446 626 4477 :
643 4409 755 4480 ’Έκτισε
771 4416 820 4479 καὶ
838 4410 924 4479 πόλιν
943 4414 994 4478 ἐπὶ
1009 4416 1065 4499 τῆς
1083 4414 1247 4500 Παλλήνης
1265 4410 1427 4499 ὁμώνυμον
1445 4411 1543 4481 αὑτοῦ

371 4562 373 4569 .
403 4510 642 4599 Κασσάνδρεια,
671 4520 711 4597 εἰς
741 4518 778 4605 ἦν
803 4511 858 4595 τοὶς
886 4542 919 4581 τε
948 4517 980 4580 ἔκ
997 4519 1052 4601 τῆς
1069 4513 1261 4605 Χεῤῥονήσου
1280 4514 1380 4596 odiet
1399 4514 1543 4607 συνῴκισε

403 4614 451 4677 καὶ
470 4612 524 4699 τήν
544 4620 720 4701 Ποτίδαιαν,
740 4618 783 4687 ἔτι
801 4622 836 4687 δὲ
857 4622 919 4687 τῶν
937 4615 1074 4706 σύνεγγυς
1081 4620 1205 4709 χωρίων
1219 4619 1382 4707 οὖκὸλύγα·
1397 4617 1542 4712 κατῴκισε

286 4754 291 4761 -
404 4714 432 4781 d’
451 4719 490 4796 εἷς
509 4717 659 4807 adtriverat*
676 4723 986 4803 roivillordlorrrodr
998 4723 1248 4807 διασωζομένους,
1259 4722 1344 4803 ὄντας
1355 4721 1543 4809 naturave
