<?xml version="1.0" encoding="UTF-8"?>
<!DOCTYPE html PUBLIC "-//W3C//DTD XHTML 1.0 Transitional//EN"
    "http://www.w3.org/TR/xhtml1/DTD/xhtml1-transitional.dtd">
<html xmlns="http://www.w3.org/1999/xhtml" xml:lang="en" lang="en">
 <head>
  <title>
</title>
<meta http-equiv="Content-Type" content="text/html;charset=utf-8" />
  <meta name='ocr-system' content='tesseract 3.04.00' />
  <meta name='ocr-capabilities' content='ocr_page ocr_carea ocr_par ocr_line ocrx_word'/>
</head>
<body>
  <div class='ocr_page' id='page_1' title='image "./ptolemaeieordae00chargoog_0189.png"; bbox 0 0 3617 5892; ppageno 0'>
   <div class='ocr_carea' id='block_1_1' title="bbox 815 687 875 747">
    <p class='ocr_par' dir='ltr' id='par_1_1' title="bbox 815 687 875 747">
     <span class='ocr_line' id='line_1_1' title="bbox 815 687 875 747; baseline 0.033 -2"><span class='ocrx_word' id='word_1_1' title='bbox 815 687 875 747; x_wconf 79' lang='lat'><strong>165</strong></span> 
     </span>
    </p>
   </div>
   <div class='ocr_carea' id='block_1_2' title="bbox 282 817 1399 944">
    <p class='ocr_par' dir='ltr' id='par_1_2' title="bbox 282 817 1399 944">
     <span class='ocr_line' id='line_1_2' title="bbox 282 817 1399 944; baseline 0.003 -26"><span class='ocrx_word' id='word_1_2' title='bbox 282 844 433 942; x_wconf 72' lang='grc' dir='ltr'><strong><em>ριρδησολν</em></strong></span> <span class='ocrx_word' id='word_1_3' title='bbox 451 874 487 917; x_wconf 86' lang='grc' dir='ltr'><strong>τε</strong></span> <span class='ocrx_word' id='word_1_4' title='bbox 507 842 709 939; x_wconf 52' lang='grc' dir='ltr'><strong><em>Ἡράκλειτός</em></strong></span> <span class='ocrx_word' id='word_1_5' title='bbox 728 873 764 916; x_wconf 84' lang='grc' dir='ltr'><strong>τε</strong></span> <span class='ocrx_word' id='word_1_6' title='bbox 786 849 805 916; x_wconf 81' lang='grc' dir='ltr'>ὁ</span> <span class='ocrx_word' id='word_1_7' title='bbox 830 817 1023 941; x_wconf 75' lang='grc' dir='ltr'><strong><em>λἀραντῖνος</em></strong></span> <span class='ocrx_word' id='word_1_8' title='bbox 1042 853 1096 919; x_wconf 82' lang='grc' dir='ltr'><strong><em>καὶ</em></strong></span> <span class='ocrx_word' id='word_1_9' title='bbox 1116 845 1399 944; x_wconf 74' lang='grc' dir='ltr'><strong><em>Ἀριστοκρολτηςὸ</em></strong></span> 
     </span>
    </p>
   </div>
   <div class='ocr_carea' id='block_1_3' title="bbox 189 946 1473 1557">
    <p class='ocr_par' dir='ltr' id='par_1_3' title="bbox 189 946 1473 1557">
     <span class='ocr_line' id='line_1_3' title="bbox 286 946 1399 1046; baseline 0.002 -24"><span class='ocrx_word' id='word_1_10' title='bbox 286 960 440 1043; x_wconf 77' lang='grc' dir='ltr'><strong><em>Θηβαῖος.</em></strong></span> <span class='ocrx_word' id='word_1_11' title='bbox 475 946 630 1038; x_wconf 76' lang='grc' dir='ltr'><strong><em>Αὐλῳδολ</em></strong></span> <span class='ocrx_word' id='word_1_12' title='bbox 661 952 699 1019; x_wconf 81' lang='grc' dir='ltr'><strong>δὲ</strong></span> <span class='ocrx_word' id='word_1_13' title='bbox 727 953 899 1043; x_wconf 70' lang='grc' dir='ltr'><strong><em>παρῆλθον</em></strong></span> <span class='ocrx_word' id='word_1_14' title='bbox 926 947 1095 1032; x_wconf 80' lang='grc' dir='ltr'><strong><em>Διονύσιος</em></strong></span> <span class='ocrx_word' id='word_1_15' title='bbox 1121 952 1140 1022; x_wconf 89' lang='grc' dir='ltr'>ὀ</span> <span class='ocrx_word' id='word_1_16' title='bbox 1167 948 1399 1046; x_wconf 80' lang='grc' dir='ltr'><strong><em>Ἡρακλεώτης,</em></strong></span> 
     </span>
     <span class='ocr_line' id='line_1_4' title="bbox 279 1046 1402 1147; baseline 0.004 -26"><span class='ocrx_word' id='word_1_17' title='bbox 279 1050 476 1145; x_wconf 79' lang='grc' dir='ltr'><em>Ὑπέρβολος</em></span> <span class='ocrx_word' id='word_1_18' title='bbox 498 1046 698 1144; x_wconf 83' lang='grc' dir='ltr'><strong><em>Κυζικηνός·</em></strong></span> <span class='ocrx_word' id='word_1_19' title='bbox 720 1056 893 1145; x_wconf 57' lang='grc' dir='ltr'><strong><em>παρῆλθον</em></strong></span> <span class='ocrx_word' id='word_1_20' title='bbox 913 1055 950 1123; x_wconf 78' lang='grc' dir='ltr'><strong>δὲ</strong></span> <span class='ocrx_word' id='word_1_21' title='bbox 970 1057 1024 1124; x_wconf 81' lang='grc' dir='ltr'><strong><em>καὶ</em></strong></span> <span class='ocrx_word' id='word_1_22' title='bbox 1046 1050 1193 1147; x_wconf 75' lang='grc' dir='ltr'><strong><em>αὐληταὶ,</em></strong></span> <span class='ocrx_word' id='word_1_23' title='bbox 1220 1054 1255 1128; x_wconf 75' lang='grc' dir='ltr'><strong>οἳ</strong></span> <span class='ocrx_word' id='word_1_24' title='bbox 1273 1060 1402 1146; x_wconf 77' lang='grc' dir='ltr'><strong><em>πρῶτον</em></strong></span> 
     </span>
     <span class='ocr_line' id='line_1_5' title="bbox 281 1149 1401 1249; baseline 0.003 -24"><span class='ocrx_word' id='word_1_25' title='bbox 281 1154 323 1227; x_wconf 75' lang='lat' dir='ltr'><strong>ed</strong></span> <span class='ocrx_word' id='word_1_26' title='bbox 348 1155 496 1229; x_wconf 70' lang='grc' dir='ltr'><strong><em>Ποθαόν</em></strong></span> <span class='ocrx_word' id='word_1_27' title='bbox 521 1151 670 1248; x_wconf 70' lang='grc' dir='ltr'><strong><em>ηὔλησαν,</em></strong></span> <span class='ocrx_word' id='word_1_28' title='bbox 701 1149 767 1223; x_wconf 73' lang='lat' dir='ltr'><strong>ale’</strong></span> <span class='ocrx_word' id='word_1_29' title='bbox 789 1156 863 1246; x_wconf 77' lang='grc' dir='ltr'><strong>ἑξῆς</strong></span> <span class='ocrx_word' id='word_1_30' title='bbox 885 1153 968 1244; x_wconf 78' lang='grc' dir='ltr'><strong><em>μεταλ</em></strong></span> <span class='ocrx_word' id='word_1_31' title='bbox 997 1161 1061 1227; x_wconf 79' lang='grc' dir='ltr'><strong><em>τῶν</em></strong></span> <span class='ocrx_word' id='word_1_32' title='bbox 1085 1159 1192 1249; x_wconf 76' lang='grc' dir='ltr'><strong><em>χορῶν</em></strong></span> <span class='ocrx_word' id='word_1_33' title='bbox 1225 1152 1401 1243; x_wconf 70' lang='grc' dir='ltr'><strong><em>Τιμόθεος,</em></strong></span> 
     </span>
     <span class='ocr_line' id='line_1_6' title="bbox 285 1253 1401 1352; baseline 0.004 -24"><span class='ocrx_word' id='word_1_34' title='bbox 285 1254 459 1352; x_wconf 69' lang='grc' dir='ltr'><strong><em>Φρύνιχος,</em></strong></span> <span class='ocrx_word' id='word_1_35' title='bbox 486 1260 668 1351; x_wconf 78' lang='grc' dir='ltr'><strong><em>Καφισίας,</em></strong></span> <span class='ocrx_word' id='word_1_36' title='bbox 696 1253 895 1350; x_wconf 83' lang='grc' dir='ltr'><strong><em>Διόφαντος,</em></strong></span> <span class='ocrx_word' id='word_1_37' title='bbox 924 1256 972 1329; x_wconf 75' lang='grc' dir='ltr'><strong>ἔτι</strong></span> <span class='ocrx_word' id='word_1_38' title='bbox 997 1261 1034 1328; x_wconf 78' lang='grc' dir='ltr'><strong>δὲ</strong></span> <span class='ocrx_word' id='word_1_39' title='bbox 1059 1253 1155 1337; x_wconf 76' lang='grc' dir='ltr'><strong><em>Ελλῖσς</em></strong></span> <span class='ocrx_word' id='word_1_40' title='bbox 1174 1255 1192 1328; x_wconf 86' lang='grc' dir='ltr'>ὁ</span> <span class='ocrx_word' id='word_1_41' title='bbox 1214 1256 1401 1340; x_wconf 76' lang='grc' dir='ltr'><strong><em>Χαλκιδεύς.</em></strong></span> 
     </span>
     <span class='ocr_line' id='line_1_7' title="bbox 189 1354 1403 1454; baseline 0 -22"><span class='ocrx_word' id='word_1_42' title='bbox 189 1411 190 1418; x_wconf 28' lang='grc' dir='ltr'><strong><em>ι</em></strong></span> <span class='ocrx_word' id='word_1_43' title='bbox 283 1365 352 1432; x_wconf 83' lang='grc' dir='ltr'><strong><em>Καὶ</em></strong></span> <span class='ocrx_word' id='word_1_44' title='bbox 378 1361 486 1432; x_wconf 70' lang='grc' dir='ltr'><strong><em>ἔκτοτε</em></strong></span> <span class='ocrx_word' id='word_1_45' title='bbox 512 1363 545 1432; x_wconf 82' lang='grc' dir='ltr'><strong>οἱ</strong></span> <span class='ocrx_word' id='word_1_46' title='bbox 569 1354 729 1454; x_wconf 83' lang='grc' dir='ltr'><strong><em>πρότερον</em></strong></span> <span class='ocrx_word' id='word_1_47' title='bbox 752 1354 940 1448; x_wconf 72' lang='grc' dir='ltr'><strong><em>καλούμενοι</em></strong></span> <span class='ocrx_word' id='word_1_48' title='bbox 965 1355 1233 1440; x_wconf 58' lang='grc' dir='ltr'><strong><em>Διονυσοκόλακας</em></strong></span> <span class='ocrx_word' id='word_1_49' title='bbox 1253 1355 1403 1445; x_wconf 71' lang='grc' dir='ltr'><strong><em>Ἀλεξαν-</em></strong></span> 
     </span>
     <span class='ocr_line' id='line_1_8' title="bbox 282 1457 1473 1557; baseline -0.001 -22"><span class='ocrx_word' id='word_1_50' title='bbox 282 1460 478 1557; x_wconf 76' lang='grc' dir='ltr'><strong><em>δροκόλακες</em></strong></span> <span class='ocrx_word' id='word_1_51' title='bbox 496 1459 688 1556; x_wconf 71' lang='grc' dir='ltr'><strong><em>ὀιλὴθησαν,</em></strong></span> <span class='ocrx_word' id='word_1_52' title='bbox 711 1459 766 1533; x_wconf 73' lang='grc' dir='ltr'><strong><em>διαὶ</em></strong></span> <span class='ocrx_word' id='word_1_53' title='bbox 784 1459 842 1542; x_wconf 77' lang='grc' dir='ltr'><strong><em>τοὶς</em></strong></span> <span class='ocrx_word' id='word_1_54' title='bbox 857 1467 922 1533; x_wconf 80' lang='grc' dir='ltr'><strong><em>τῶν</em></strong></span> <span class='ocrx_word' id='word_1_55' title='bbox 937 1459 1049 1556; x_wconf 77' lang='grc' dir='ltr'><strong><em>δώρων</em></strong></span> <span class='ocrx_word' id='word_1_56' title='bbox 1062 1457 1261 1554; x_wconf 72' lang='grc' dir='ltr'><strong><em>ὑπερβολὰς,</em></strong></span> <span class='ocrx_word' id='word_1_57' title='bbox 1285 1459 1340 1556; x_wconf 63' lang='grc' dir='ltr'><strong>ἐφ’</strong></span> <span class='ocrx_word' id='word_1_58' title='bbox 1354 1461 1403 1543; x_wconf 84' lang='grc' dir='ltr'><strong>οἷς</strong></span> <span class='ocrx_word' id='word_1_59' title='bbox 1467 1468 1473 1475; x_wconf 81' lang='grc'><strong>’</strong></span> 
     </span>
    </p>
   </div>
   <div class='ocr_carea' id='block_1_4' title="bbox 281 1561 1514 1659">
    <p class='ocr_par' dir='ltr' id='par_1_4' title="bbox 281 1561 1514 1659">
     <span class='ocr_line' id='line_1_9' title="bbox 281 1561 1514 1659; baseline 0.001 -24"><span class='ocrx_word' id='word_1_60' title='bbox 281 1570 337 1636; x_wconf 87' lang='grc' dir='ltr'><strong><em>καλ</em></strong></span> <span class='ocrx_word' id='word_1_61' title='bbox 357 1562 446 1658; x_wconf 71' lang='grc' dir='ltr'><strong><em>ἥσθη</em></strong></span> <span class='ocrx_word' id='word_1_62' title='bbox 467 1561 486 1636; x_wconf 84' lang='grc' dir='ltr'>ὁ</span> <span class='ocrx_word' id='word_1_63' title='bbox 507 1561 730 1658; x_wconf 80' lang='grc' dir='ltr'><strong><em>Ἀλέξανδρος.</em></strong></span> <span class='ocrx_word' id='word_1_64' title='bbox 749 1561 983 1658; x_wconf 71' lang='grc' dir='ltr'><strong><em>Ὑπεκρλθησαν</em></strong></span> <span class='ocrx_word' id='word_1_65' title='bbox 1003 1568 1039 1636; x_wconf 82' lang='grc' dir='ltr'><strong>δὲ</strong></span> <span class='ocrx_word' id='word_1_66' title='bbox 1059 1569 1220 1659; x_wconf 72' lang='grc' dir='ltr'><strong><em>τραγῳδοὶ</em></strong></span> <span class='ocrx_word' id='word_1_67' title='bbox 1240 1569 1298 1648; x_wconf 81' lang='grc' dir='ltr'><strong><em>μὲν</em></strong></span> <span class='ocrx_word' id='word_1_68' title='bbox 1321 1574 1404 1637; x_wconf 58' lang='lat' dir='ltr'><strong>ean</strong></span> <span class='ocrx_word' id='word_1_69' title='bbox 1511 1595 1514 1600; x_wconf 90' lang='lat'>·</span> 
     </span>
    </p>
   </div>
   <div class='ocr_carea' id='block_1_5' title="bbox 280 1662 1421 2384">
    <p class='ocr_par' dir='ltr' id='par_1_5' title="bbox 280 1662 1404 2066">
     <span class='ocr_line' id='line_1_10' title="bbox 282 1662 1404 1760; baseline 0 -23"><span class='ocrx_word' id='word_1_70' title='bbox 282 1666 384 1747; x_wconf 73' lang='grc' dir='ltr'><strong><em>σαλιλς</em></strong></span> <span class='ocrx_word' id='word_1_71' title='bbox 400 1672 453 1738; x_wconf 85' lang='grc' dir='ltr'><strong><em>καλ</em></strong></span> <span class='ocrx_word' id='word_1_72' title='bbox 467 1664 700 1760; x_wconf 75' lang='grc' dir='ltr'><strong><em>Ἀθηνόδωρος</em></strong></span> <span class='ocrx_word' id='word_1_73' title='bbox 718 1670 773 1737; x_wconf 84' lang='grc' dir='ltr'><strong><em>καλ</em></strong></span> <span class='ocrx_word' id='word_1_74' title='bbox 793 1662 1048 1760; x_wconf 79' lang='grc' dir='ltr'><strong><em>Ἀριστόκριτος,</em></strong></span> <span class='ocrx_word' id='word_1_75' title='bbox 1069 1671 1220 1757; x_wconf 81' lang='grc' dir='ltr'><strong><em>κωμῳδοὶ</em></strong></span> <span class='ocrx_word' id='word_1_76' title='bbox 1237 1670 1274 1738; x_wconf 81' lang='lat' dir='ltr'><strong>dd</strong></span> <span class='ocrx_word' id='word_1_77' title='bbox 1287 1664 1404 1740; x_wconf 79' lang='grc' dir='ltr'><strong><em>Λύκων</em></strong></span> 
     </span>
     <span class='ocr_line' id='line_1_11' title="bbox 281 1766 1402 1863; baseline 0.003 -24"><span class='ocrx_word' id='word_1_78' title='bbox 281 1774 337 1840; x_wconf 85' lang='grc' dir='ltr'><strong><em>καλ</em></strong></span> <span class='ocrx_word' id='word_1_79' title='bbox 358 1774 511 1863; x_wconf 80' lang='grc' dir='ltr'><strong><em>Φορμίων</em></strong></span> <span class='ocrx_word' id='word_1_80' title='bbox 524 1775 578 1841; x_wconf 79' lang='grc' dir='ltr'><strong><em>καὶ</em></strong></span> <span class='ocrx_word' id='word_1_81' title='bbox 590 1766 763 1863; x_wconf 23' lang='grc' dir='ltr'><strong><em>,Ἀρίστων</em></strong></span> <span class='ocrx_word' id='word_1_82' title='bbox 784 1774 899 1863; x_wconf 80' lang='grc' dir='ltr'><strong><em>Παρῆν</em></strong></span> <span class='ocrx_word' id='word_1_83' title='bbox 917 1772 1019 1840; x_wconf 77' lang='grc' dir='ltr'><strong><em>δὲκαὶ</em></strong></span> <span class='ocrx_word' id='word_1_84' title='bbox 1034 1773 1222 1862; x_wconf 80' lang='grc' dir='ltr'><strong><em>Φασίμηλος</em></strong></span> <span class='ocrx_word' id='word_1_85' title='bbox 1235 1767 1253 1843; x_wconf 86' lang='grc' dir='ltr'>ὁ</span> <span class='ocrx_word' id='word_1_86' title='bbox 1265 1766 1402 1863; x_wconf 79' lang='grc' dir='ltr'><strong><em>ψάλτης.</em></strong></span> 
     </span>
     <span class='ocr_line' id='line_1_12' title="bbox 283 1867 1403 1966; baseline -0.003 -21"><span class='ocrx_word' id='word_1_87' title='bbox 283 1875 325 1946; x_wconf 81' lang='grc' dir='ltr'><strong>Οἱ</strong></span> <span class='ocrx_word' id='word_1_88' title='bbox 345 1876 383 1944; x_wconf 78' lang='grc' dir='ltr'><strong>δὲ</strong></span> <span class='ocrx_word' id='word_1_89' title='bbox 403 1876 627 1966; x_wconf 75' lang='grc' dir='ltr'><strong><em>πεμφθέντες,</em></strong></span> <span class='ocrx_word' id='word_1_90' title='bbox 653 1875 751 1966; x_wconf 84' lang='grc' dir='ltr'><strong><em>φησὶ,</em></strong></span> <span class='ocrx_word' id='word_1_91' title='bbox 772 1873 927 1965; x_wconf 75' lang='grc' dir='ltr'><strong><em>στέφανοι</em></strong></span> <span class='ocrx_word' id='word_1_92' title='bbox 949 1867 1016 1943; x_wconf 74' lang='grc' dir='ltr'><strong>ὑπο</strong></span> <span class='ocrx_word' id='word_1_93' title='bbox 1040 1876 1103 1941; x_wconf 81' lang='grc' dir='ltr'><strong><em>τῶν</em></strong></span> <span class='ocrx_word' id='word_1_94' title='bbox 1120 1877 1329 1966; x_wconf 75' lang='grc' dir='ltr'><strong><em>πρεσβευτῶν</em></strong></span> <span class='ocrx_word' id='word_1_95' title='bbox 1350 1876 1403 1944; x_wconf 87' lang='grc' dir='ltr'><strong><em>καὶ</em></strong></span> 
     </span>
     <span class='ocr_line' id='line_1_13' title="bbox 280 1968 1225 2066; baseline -0.004 -21"><span class='ocrx_word' id='word_1_96' title='bbox 280 1980 347 2046; x_wconf 76' lang='grc' dir='ltr'><strong><em>τῶν</em></strong></span> <span class='ocrx_word' id='word_1_97' title='bbox 366 1980 489 2048; x_wconf 80' lang='grc' dir='ltr'><strong><em>λοιπῶν</em></strong></span> <span class='ocrx_word' id='word_1_98' title='bbox 508 1970 670 2052; x_wconf 76' lang='grc' dir='ltr'><strong><em>ταλάντων</em></strong></span> <span class='ocrx_word' id='word_1_99' title='bbox 689 1968 769 2066; x_wconf 78' lang='grc' dir='ltr'><strong><em>ἦσαν</em></strong></span> <span class='ocrx_word' id='word_1_100' title='bbox 788 1977 914 2066; x_wconf 79' lang='grc' dir='ltr'><strong><em>μορίων</em></strong></span> <span class='ocrx_word' id='word_1_101' title='bbox 934 1979 1225 2062; x_wconf 77' lang='grc' dir='ltr'><strong><em>πεντακισχιλίων.»</em></strong></span> 
     </span>
    </p>

    <p class='ocr_par' dir='ltr' id='par_1_6' title="bbox 283 2084 1421 2276">
     <span class='ocr_line' id='line_1_14' title="bbox 326 2084 1421 2171; baseline -0.004 -21"><span class='ocrx_word' id='word_1_102' title='bbox 326 2087 410 2151; x_wconf 88' lang='lat' dir='ltr'>Huic</span> <span class='ocrx_word' id='word_1_103' title='bbox 431 2086 606 2171; x_wconf 78' lang='lat' dir='ltr'><strong>fragmento</strong></span> <span class='ocrx_word' id='word_1_104' title='bbox 626 2106 727 2170; x_wconf 90' lang='lat' dir='ltr'><strong>quum</strong></span> <span class='ocrx_word' id='word_1_105' title='bbox 749 2084 845 2148; x_wconf 84' lang='lat' dir='ltr'><strong>insint</strong></span> <span class='ocrx_word' id='word_1_106' title='bbox 866 2085 978 2169; x_wconf 91' lang='lat' dir='ltr'><strong>plura,</strong></span> <span class='ocrx_word' id='word_1_107' title='bbox 1000 2105 1083 2170; x_wconf 89' lang='lat' dir='ltr'><strong>quae</strong></span> <span class='ocrx_word' id='word_1_108' title='bbox 1103 2085 1199 2170; x_wconf 91' lang='lat' dir='ltr'><strong>paulo</strong></span> <span class='ocrx_word' id='word_1_109' title='bbox 1219 2084 1421 2170; x_wconf 76' lang='lat' dir='ltr'><strong>diligentius,</strong></span> 
     </span>
     <span class='ocr_line' id='line_1_15' title="bbox 283 2189 1334 2276; baseline 0 -21"><span class='ocrx_word' id='word_1_110' title='bbox 283 2192 432 2270; x_wconf 80' lang='lat' dir='ltr'><strong>videntur</strong></span> <span class='ocrx_word' id='word_1_111' title='bbox 450 2189 673 2270; x_wconf 80' lang='lat' dir='ltr'><strong>examinanda,</strong></span> <span class='ocrx_word' id='word_1_112' title='bbox 693 2190 733 2254; x_wconf 92' lang='lat' dir='ltr'><strong>de</strong></span> <span class='ocrx_word' id='word_1_113' title='bbox 749 2191 882 2276; x_wconf 85' lang='lat' dir='ltr'><strong>singulis</strong></span> <span class='ocrx_word' id='word_1_114' title='bbox 903 2211 1045 2254; x_wconf 88' lang='lat' dir='ltr'><strong>seorsum</strong></span> <span class='ocrx_word' id='word_1_115' title='bbox 1063 2190 1219 2276; x_wconf 84' lang='lat' dir='ltr'><strong>dispicere</strong></span> <span class='ocrx_word' id='word_1_116' title='bbox 1233 2190 1334 2274; x_wconf 84' lang='lat' dir='ltr'><strong>juvat.</strong></span> 
     </span>
    </p>

    <p class='ocr_par' dir='ltr' id='par_1_7' title="bbox 327 2281 1404 2384">
     <span class='ocr_line' id='line_1_16' title="bbox 327 2281 1404 2384; baseline -0.003 -21"><span class='ocrx_word' id='word_1_117' title='bbox 327 2288 382 2363; x_wconf 83' lang='grc' dir='ltr'><strong>ὅτε</strong></span> <span class='ocrx_word' id='word_1_118' title='bbox 403 2288 469 2360; x_wconf 81' lang='grc' dir='ltr'><strong><em>εἷλε</em></strong></span> <span class='ocrx_word' id='word_1_119' title='bbox 489 2299 637 2381; x_wconf 78' lang='grc' dir='ltr'><strong><em>Δαρεῖον,</em></strong></span> <span class='ocrx_word' id='word_1_120' title='bbox 659 2295 775 2360; x_wconf 85' lang='lat' dir='ltr'><strong>lladem</strong></span> <span class='ocrx_word' id='word_1_121' title='bbox 791 2295 887 2359; x_wconf 78' lang='lat' dir='ltr'><strong>verba</strong></span> <span class='ocrx_word' id='word_1_122' title='bbox 904 2297 1038 2360; x_wconf 84' lang='lat' dir='ltr'><strong>serravit</strong></span> <span class='ocrx_word' id='word_1_123' title='bbox 1050 2281 1221 2374; x_wconf 82' lang='lat' dir='ltr'><strong>¹helianus,</strong></span> <span class='ocrx_word' id='word_1_124' title='bbox 1242 2295 1404 2384; x_wconf 82' lang='lat' dir='ltr'><strong>quihthe·</strong></span> 
     </span>
    </p>
   </div>
   <div class='ocr_carea' id='block_1_6' title="bbox 281 2395 1507 2492">
    <p class='ocr_par' dir='ltr' id='par_1_8' title="bbox 281 2395 1507 2492">
     <span class='ocr_line' id='line_1_17' title="bbox 281 2395 1507 2492; baseline 0 -26"><span class='ocrx_word' id='word_1_125' title='bbox 281 2424 398 2468; x_wconf 90' lang='lat' dir='ltr'><strong>naeum</strong></span> <span class='ocrx_word' id='word_1_126' title='bbox 433 2400 528 2464; x_wconf 84' lang='lat' dir='ltr'><strong>tacite</strong></span> <span class='ocrx_word' id='word_1_127' title='bbox 561 2401 761 2486; x_wconf 78' lang='lat' dir='ltr'><strong>compilavit,</strong></span> <span class='ocrx_word' id='word_1_128' title='bbox 796 2400 839 2468; x_wconf 89' lang='lat' dir='ltr'><strong>V.</strong></span> <span class='ocrx_word' id='word_1_129' title='bbox 872 2399 913 2464; x_wconf 88' lang='lat' dir='ltr'><strong>H.</strong></span> <span class='ocrx_word' id='word_1_130' title='bbox 942 2400 1025 2492; x_wconf 84' lang='lat' dir='ltr'><strong>Vlll.</strong></span> <span class='ocrx_word' id='word_1_131' title='bbox 1061 2403 1094 2468; x_wconf 85' lang='lat'><strong>7.</strong></span> <span class='ocrx_word' id='word_1_132' title='bbox 1124 2395 1240 2466; x_wconf 85' lang='grc' dir='ltr'><strong><em>Ἀνεῖλε</em></strong></span> <span class='ocrx_word' id='word_1_133' title='bbox 1266 2401 1404 2467; x_wconf 88' lang='lat' dir='ltr'><strong>malebat</strong></span> <span class='ocrx_word' id='word_1_134' title='bbox 1503 2445 1507 2452; x_wconf 88' lang='lat'>-</span> 
     </span>
    </p>
   </div>
   <div class='ocr_carea' id='block_1_7' title="bbox 205 2495 1492 4809">
    <p class='ocr_par' dir='ltr' id='par_1_9' title="bbox 205 2495 1492 4809">
     <span class='ocr_line' id='line_1_18' title="bbox 282 2495 1403 2594; baseline 0 -22"><span class='ocrx_word' id='word_1_135' title='bbox 282 2495 624 2592; x_wconf 65' lang='lat' dir='ltr'><strong>Schweighae&#39;userus,</strong></span> <span class='ocrx_word' id='word_1_136' title='bbox 646 2506 845 2594; x_wconf 88' lang='lat' dir='ltr'><strong>quodquam</strong></span> <span class='ocrx_word' id='word_1_137' title='bbox 862 2506 1041 2586; x_wconf 89' lang='lat' dir='ltr'><strong>lalsumsit,</strong></span> <span class='ocrx_word' id='word_1_138' title='bbox 1059 2508 1199 2572; x_wconf 88' lang='lat' dir='ltr'><strong>omnium</strong></span> <span class='ocrx_word' id='word_1_139' title='bbox 1211 2519 1283 2572; x_wconf 91' lang='lat' dir='ltr'><strong>ante</strong></span> <span class='ocrx_word' id='word_1_140' title='bbox 1294 2510 1403 2574; x_wconf 90' lang='lat' dir='ltr'><strong>oculos</strong></span> 
     </span>
     <span class='ocr_line' id='line_1_19' title="bbox 280 2608 1406 2700; baseline 0.003 -22"><span class='ocrx_word' id='word_1_141' title='bbox 280 2614 423 2700; x_wconf 89' lang='lat' dir='ltr'><strong>positum</strong></span> <span class='ocrx_word' id='word_1_142' title='bbox 441 2623 498 2678; x_wconf 88' lang='lat' dir='ltr'><strong>est.</strong></span> <span class='ocrx_word' id='word_1_143' title='bbox 515 2611 645 2678; x_wconf 85' lang='lat' dir='ltr'><strong>Rectius</strong></span> <span class='ocrx_word' id='word_1_144' title='bbox 663 2608 796 2676; x_wconf 75' lang='grc' dir='ltr'><strong><em>καθεῖλε</em></strong></span> <span class='ocrx_word' id='word_1_145' title='bbox 815 2611 1019 2695; x_wconf 73' lang='lat' dir='ltr'><strong>conjecisset,</strong></span> <span class='ocrx_word' id='word_1_146' title='bbox 1039 2612 1094 2677; x_wconf 88' lang='lat' dir='ltr'><strong>sed</strong></span> <span class='ocrx_word' id='word_1_147' title='bbox 1110 2615 1284 2678; x_wconf 84' lang='lat' dir='ltr'><strong>mutatione</strong></span> <span class='ocrx_word' id='word_1_148' title='bbox 1301 2613 1406 2680; x_wconf 77' lang='lat' dir='ltr'><strong>haud-</strong></span> 
     </span>
     <span class='ocr_line' id='line_1_20' title="bbox 281 2713 1406 2805; baseline 0.002 -23"><span class='ocrx_word' id='word_1_149' title='bbox 281 2739 446 2805; x_wconf 87' lang='lat' dir='ltr'><strong>quaquam</strong></span> <span class='ocrx_word' id='word_1_150' title='bbox 476 2739 565 2801; x_wconf 90' lang='lat' dir='ltr'><strong>opus.</strong></span> <span class='ocrx_word' id='word_1_151' title='bbox 591 2713 708 2804; x_wconf 80' lang='grc' dir='ltr'><strong><em>Αἱρεῖν</em></strong></span> <span class='ocrx_word' id='word_1_152' title='bbox 735 2717 1047 2782; x_wconf 65' lang='lat' dir='ltr'><strong>dehettaedtsensu</strong></span> <span class='ocrx_word' id='word_1_153' title='bbox 1077 2728 1265 2804; x_wconf 86' lang='lat' dir='ltr'><strong>usurpatum</strong></span> <span class='ocrx_word' id='word_1_154' title='bbox 1289 2719 1406 2798; x_wconf 89' lang='lat' dir='ltr'><strong>luisse,</strong></span> 
     </span>
     <span class='ocr_line' id='line_1_21' title="bbox 280 2811 1406 2909; baseline -0.002 -21"><span class='ocrx_word' id='word_1_155' title='bbox 280 2825 332 2888; x_wconf 82' lang='lat' dir='ltr'><strong>vel</strong></span> <span class='ocrx_word' id='word_1_156' title='bbox 364 2821 541 2909; x_wconf 84' lang='lat' dir='ltr'><strong>Xenophon</strong></span> <span class='ocrx_word' id='word_1_157' title='bbox 568 2823 660 2889; x_wconf 90' lang='lat' dir='ltr'><strong>docet</strong></span> <span class='ocrx_word' id='word_1_158' title='bbox 686 2823 776 2891; x_wconf 85' lang='grc' dir='ltr'><strong><em>Ηολλ.</em></strong></span> <span class='ocrx_word' id='word_1_159' title='bbox 794 2826 853 2891; x_wconf 92' lang='grc' dir='ltr'><strong>ΙΙΙ.</strong></span> <span class='ocrx_word' id='word_1_160' title='bbox 871 2830 903 2891; x_wconf 81' lang='grc'><strong>5.</strong></span> <span class='ocrx_word' id='word_1_161' title='bbox 928 2827 958 2892; x_wconf 65' lang='lat'><strong>12</strong></span> <span class='ocrx_word' id='word_1_162' title='bbox 977 2825 1036 2889; x_wconf 87' lang='lat' dir='ltr'><strong>Sic</strong></span> <span class='ocrx_word' id='word_1_163' title='bbox 1049 2811 1151 2888; x_wconf 78' lang='grc' dir='ltr'><strong><em>ὁπότε</em></strong></span> <span class='ocrx_word' id='word_1_164' title='bbox 1171 2821 1253 2888; x_wconf 77' lang='grc' dir='ltr'><strong><em>ἕλοι</em></strong></span> <span class='ocrx_word' id='word_1_165' title='bbox 1271 2819 1406 2909; x_wconf 83' lang='grc' dir='ltr'><strong><em>Πέρσας</em></strong></span> 
     </span>
     <span class='ocr_line' id='line_1_22' title="bbox 281 2923 1404 3019; baseline -0.004 -25"><span class='ocrx_word' id='word_1_166' title='bbox 281 2929 367 3014; x_wconf 93' lang='lat' dir='ltr'><strong>apud</strong></span> <span class='ocrx_word' id='word_1_167' title='bbox 394 2929 520 2996; x_wconf 80' lang='lat' dir='ltr'><strong>Arriae.</strong></span> <span class='ocrx_word' id='word_1_168' title='bbox 545 2929 598 2997; x_wconf 87' lang='lat' dir='ltr'><strong>vl.</strong></span> <span class='ocrx_word' id='word_1_169' title='bbox 618 2932 681 2997; x_wconf 86' lang='grc'><strong>’29.</strong></span> <span class='ocrx_word' id='word_1_170' title='bbox 706 2933 726 2995; x_wconf 88' lang='grc'>9</span> <span class='ocrx_word' id='word_1_171' title='bbox 750 2931 885 3019; x_wconf 67' lang='grc' dir='ltr'><strong><em>(Ὲιορωι</em></strong></span> <span class='ocrx_word' id='word_1_172' title='bbox 905 2931 1043 2996; x_wconf 83' lang='lat' dir='ltr'><strong>hristoh.</strong></span> <span class='ocrx_word' id='word_1_173' title='bbox 1062 2929 1145 2995; x_wconf 84' lang='lat' dir='ltr'><strong>XLV</strong></span> <span class='ocrx_word' id='word_1_174' title='bbox 1164 2949 1196 3012; x_wconf 89' lang='lat' dir='ltr'><strong>p.</strong></span> <span class='ocrx_word' id='word_1_175' title='bbox 1219 2923 1306 3013; x_wconf 87' lang='lat'>115.)</span> <span class='ocrx_word' id='word_1_176' title='bbox 1325 2927 1404 2992; x_wconf 93' lang='lat' dir='ltr'><strong>nihil</strong></span> 
     </span>
     <span class='ocr_line' id='line_1_23' title="bbox 280 3033 1406 3123; baseline 0.003 -27"><span class='ocrx_word' id='word_1_177' title='bbox 280 3034 371 3100; x_wconf 86' lang='lat' dir='ltr'><strong>aliud</strong></span> <span class='ocrx_word' id='word_1_178' title='bbox 402 3033 549 3112; x_wconf 84' lang='lat' dir='ltr'><strong>denotat,</strong></span> <span class='ocrx_word' id='word_1_179' title='bbox 583 3036 642 3099; x_wconf 91' lang='lat' dir='ltr'><strong>nisi</strong></span> <span class='ocrx_word' id='word_1_180' title='bbox 673 3059 776 3123; x_wconf 82' lang='lat' dir='ltr'><strong>quum</strong></span> <span class='ocrx_word' id='word_1_181' title='bbox 808 3037 937 3102; x_wconf 75' lang='lat' dir='ltr'><strong>Perses</strong></span> <span class='ocrx_word' id='word_1_182' title='bbox 969 3037 1155 3102; x_wconf 70' lang='lat' dir='ltr'><strong>devicisset.</strong></span> <span class='ocrx_word' id='word_1_183' title='bbox 1188 3033 1240 3098; x_wconf 87' lang='lat' dir='ltr'><strong>Sic</strong></span> <span class='ocrx_word' id='word_1_184' title='bbox 1266 3036 1406 3120; x_wconf 80' lang='grc' dir='ltr'><strong><em>Δαρεῖος</em></strong></span> 
     </span>
     <span class='ocr_line' id='line_1_24' title="bbox 280 3133 1404 3226; baseline 0.001 -24"><span class='ocrx_word' id='word_1_185' title='bbox 280 3133 443 3226; x_wconf 76' lang='grc' dir='ltr'><strong><em>ᾑρημένος</em></strong></span> <span class='ocrx_word' id='word_1_186' title='bbox 466 3138 583 3204; x_wconf 87' lang='lat' dir='ltr'><strong>dicitur</strong></span> <span class='ocrx_word' id='word_1_187' title='bbox 608 3164 659 3226; x_wconf 87' lang='lat' dir='ltr'><strong>ap.</strong></span> <span class='ocrx_word' id='word_1_188' title='bbox 684 3138 807 3209; x_wconf 81' lang='lat' dir='ltr'><strong>helian.</strong></span> <span class='ocrx_word' id='word_1_189' title='bbox 835 3146 859 3208; x_wconf 87' lang='lat' dir='ltr'><strong>l.</strong></span> <span class='ocrx_word' id='word_1_190' title='bbox 885 3145 909 3210; x_wconf 87' lang='lat' dir='ltr'><strong>l.</strong></span> <span class='ocrx_word' id='word_1_191' title='bbox 933 3145 997 3212; x_wconf 83' lang='lat'><em>111.</em></span> <span class='ocrx_word' id='word_1_192' title='bbox 1021 3135 1083 3221; x_wconf 81' lang='lat'><strong>23,</strong></span> <span class='ocrx_word' id='word_1_193' title='bbox 1105 3141 1162 3205; x_wconf 90' lang='lat' dir='ltr'><strong>ubi</strong></span> <span class='ocrx_word' id='word_1_194' title='bbox 1183 3140 1244 3204; x_wconf 89' lang='lat' dir='ltr'><strong>alia</strong></span> <span class='ocrx_word' id='word_1_195' title='bbox 1261 3137 1404 3225; x_wconf 83' lang='lat' dir='ltr'><strong>exempla</strong></span> 
     </span>
     <span class='ocr_line' id='line_1_25' title="bbox 205 3243 1403 3342; baseline 0.003 -35"><span class='ocrx_word' id='word_1_196' title='bbox 205 3271 213 3280; x_wconf 90' lang='lat'><strong>·</strong></span> <span class='ocrx_word' id='word_1_197' title='bbox 281 3243 412 3308; x_wconf 78' lang='lat' dir='ltr'><strong>exhibet</strong></span> <span class='ocrx_word' id='word_1_198' title='bbox 428 3245 624 3342; x_wconf 72' lang='lat' dir='ltr'><strong>Perizonius.</strong></span> <span class='ocrx_word' id='word_1_199' title='bbox 647 3247 914 3334; x_wconf 83' lang='lat' dir='ltr'><strong>Quandoquidem</strong></span> <span class='ocrx_word' id='word_1_200' title='bbox 928 3269 1002 3313; x_wconf 86' lang='lat' dir='ltr'><strong>vero</strong></span> <span class='ocrx_word' id='word_1_201' title='bbox 1015 3248 1128 3312; x_wconf 86' lang='lat' dir='ltr'><strong>Darius</strong></span> <span class='ocrx_word' id='word_1_202' title='bbox 1138 3246 1206 3328; x_wconf 86' lang='lat' dir='ltr'><strong>jam</strong></span> <span class='ocrx_word' id='word_1_203' title='bbox 1218 3267 1259 3312; x_wconf 89' lang='lat' dir='ltr'><strong>m.</strong></span> <span class='ocrx_word' id='word_1_204' title='bbox 1272 3243 1356 3308; x_wconf 86' lang='lat' dir='ltr'><strong>lulio</strong></span> <span class='ocrx_word' id='word_1_205' title='bbox 1373 3265 1403 3310; x_wconf 88' lang='lat' dir='ltr'><strong>a.</strong></span> 
     </span>
     <span class='ocr_line' id='line_1_26' title="bbox 281 3350 1404 3435; baseline 0.002 -22"><span class='ocrx_word' id='word_1_206' title='bbox 281 3352 541 3435; x_wconf 83' lang='lat' dir='ltr'><strong>330superatus</strong></span> <span class='ocrx_word' id='word_1_207' title='bbox 566 3373 625 3417; x_wconf 92' lang='lat' dir='ltr'><strong>nec</strong></span> <span class='ocrx_word' id='word_1_208' title='bbox 650 3353 763 3418; x_wconf 85' lang='lat' dir='ltr'><strong>rationi</strong></span> <span class='ocrx_word' id='word_1_209' title='bbox 790 3355 863 3416; x_wconf 89' lang='lat' dir='ltr'><strong>satis</strong></span> <span class='ocrx_word' id='word_1_210' title='bbox 888 3363 1134 3418; x_wconf 86' lang='lat' dir='ltr'><strong>consentaneum</strong></span> <span class='ocrx_word' id='word_1_211' title='bbox 1153 3362 1220 3430; x_wconf 89' lang='lat' dir='ltr'><strong>est,</strong></span> <span class='ocrx_word' id='word_1_212' title='bbox 1239 3350 1404 3416; x_wconf 76' lang='lat' dir='ltr'><strong>Charetem</strong></span> 
     </span>
     <span class='ocr_line' id='line_1_27' title="bbox 280 3455 1405 3550; baseline 0 -31"><span class='ocrx_word' id='word_1_213' title='bbox 280 3456 324 3520; x_wconf 87' lang='lat' dir='ltr'><strong>ab</strong></span> <span class='ocrx_word' id='word_1_214' title='bbox 342 3455 428 3550; x_wconf 89' lang='lat' dir='ltr'><strong>illius</strong></span> <span class='ocrx_word' id='word_1_215' title='bbox 450 3458 581 3522; x_wconf 82' lang='lat' dir='ltr'><strong>interitu</strong></span> <span class='ocrx_word' id='word_1_216' title='bbox 602 3480 639 3523; x_wconf 83' lang='lat' dir='ltr'><strong>ea</strong></span> <span class='ocrx_word' id='word_1_217' title='bbox 656 3459 750 3531; x_wconf 81' lang='lat' dir='ltr'><strong>etiam</strong></span> <span class='ocrx_word' id='word_1_218' title='bbox 768 3469 984 3543; x_wconf 88' lang='lat' dir='ltr'><strong>computasse,</strong></span> <span class='ocrx_word' id='word_1_219' title='bbox 1005 3477 1087 3543; x_wconf 90' lang='lat' dir='ltr'><strong>quae</strong></span> <span class='ocrx_word' id='word_1_220' title='bbox 1098 3457 1247 3520; x_wconf 86' lang='lat' dir='ltr'><strong>sexennio</strong></span> <span class='ocrx_word' id='word_1_221' title='bbox 1257 3457 1324 3520; x_wconf 85' lang='lat' dir='ltr'><strong>lere</strong></span> <span class='ocrx_word' id='word_1_222' title='bbox 1334 3466 1405 3548; x_wconf 83' lang='lat' dir='ltr'><strong>post</strong></span> 
     </span>
     <span class='ocr_line' id='line_1_28' title="bbox 272 3560 1406 3647; baseline 0 -21"><span class='ocrx_word' id='word_1_223' title='bbox 272 3560 473 3646; x_wconf 19' lang='lat' dir='ltr'><strong>&#39;acciderin13</strong></span> <span class='ocrx_word' id='word_1_224' title='bbox 506 3598 546 3610; x_wconf 93' lang='grc'><strong>-</strong></span> <span class='ocrx_word' id='word_1_225' title='bbox 576 3585 648 3628; x_wconf 89' lang='lat' dir='ltr'><strong>nam</strong></span> <span class='ocrx_word' id='word_1_226' title='bbox 677 3587 707 3630; x_wconf 84' lang='lat' dir='ltr'><strong>a.</strong></span> <span class='ocrx_word' id='word_1_227' title='bbox 726 3565 791 3628; x_wconf 81' lang='lat'><strong>324</strong></span> <span class='ocrx_word' id='word_1_228' title='bbox 809 3563 938 3628; x_wconf 89' lang='lat' dir='ltr'><strong>demum</strong></span> <span class='ocrx_word' id='word_1_229' title='bbox 955 3565 989 3626; x_wconf 93' lang='lat' dir='ltr'><strong>in</strong></span> <span class='ocrx_word' id='word_1_230' title='bbox 1006 3564 1161 3626; x_wconf 83' lang='lat' dir='ltr'><strong>Susorum</strong></span> <span class='ocrx_word' id='word_1_231' title='bbox 1179 3561 1259 3625; x_wconf 85' lang='lat' dir='ltr'><strong>urhe</strong></span> <span class='ocrx_word' id='word_1_232' title='bbox 1279 3562 1406 3647; x_wconf 87' lang='lat' dir='ltr'><strong>nuptias</strong></span> 
     </span>
     <span class='ocr_line' id='line_1_29' title="bbox 279 3667 1404 3754; baseline 0.003 -25"><span class='ocrx_word' id='word_1_233' title='bbox 279 3667 353 3731; x_wconf 90' lang='lat' dir='ltr'><strong>illas</strong></span> <span class='ocrx_word' id='word_1_234' title='bbox 374 3668 550 3734; x_wconf 85' lang='lat' dir='ltr'><strong>celebratas</strong></span> <span class='ocrx_word' id='word_1_235' title='bbox 569 3671 664 3734; x_wconf 84' lang='lat' dir='ltr'><strong>luisse</strong></span> <span class='ocrx_word' id='word_1_236' title='bbox 686 3680 808 3735; x_wconf 87' lang='lat' dir='ltr'><strong>constat</strong></span> <span class='ocrx_word' id='word_1_237' title='bbox 828 3701 868 3713; x_wconf 92' lang='lat'>-</span> <span class='ocrx_word' id='word_1_238' title='bbox 884 3669 924 3733; x_wconf 91' lang='lat' dir='ltr'><strong>de</strong></span> <span class='ocrx_word' id='word_1_239' title='bbox 942 3691 1011 3733; x_wconf 91' lang='lat' dir='ltr'><strong>mea</strong></span> <span class='ocrx_word' id='word_1_240' title='bbox 1035 3667 1166 3754; x_wconf 91' lang='lat' dir='ltr'><strong>quidem</strong></span> <span class='ocrx_word' id='word_1_241' title='bbox 1181 3669 1335 3732; x_wconf 86' lang='lat' dir='ltr'><strong>sententia</strong></span> <span class='ocrx_word' id='word_1_242' title='bbox 1357 3679 1404 3732; x_wconf 88' lang='lat' dir='ltr'><strong>to·</strong></span> 
     </span>
     <span class='ocr_line' id='line_1_30' title="bbox 281 3773 1404 3860; baseline -0.001 -23"><span class='ocrx_word' id='word_1_243' title='bbox 281 3786 352 3837; x_wconf 89' lang='lat' dir='ltr'><strong>tum</strong></span> <span class='ocrx_word' id='word_1_244' title='bbox 370 3773 466 3839; x_wconf 75' lang='lat' dir='ltr'><strong>illud‘</strong></span> <span class='ocrx_word' id='word_1_245' title='bbox 481 3774 731 3842; x_wconf 82' lang='lat' dir='ltr'><strong>additamentum</strong></span> <span class='ocrx_word' id='word_1_246' title='bbox 752 3797 814 3841; x_wconf 88' lang='lat' dir='ltr'><strong>non</strong></span> <span class='ocrx_word' id='word_1_247' title='bbox 833 3776 999 3841; x_wconf 81' lang='lat' dir='ltr'><strong>Charetem</strong></span> <span class='ocrx_word' id='word_1_248' title='bbox 1016 3774 1156 3854; x_wconf 89' lang='lat' dir='ltr'><strong>redolet,</strong></span> <span class='ocrx_word' id='word_1_249' title='bbox 1178 3773 1233 3839; x_wconf 89' lang='lat' dir='ltr'><strong>sed</strong></span> <span class='ocrx_word' id='word_1_250' title='bbox 1251 3775 1307 3860; x_wconf 91' lang='lat' dir='ltr'><strong>qui</strong></span> <span class='ocrx_word' id='word_1_251' title='bbox 1325 3773 1404 3840; x_wconf 86' lang='lat' dir='ltr'><strong>Cha-</strong></span> 
     </span>
     <span class='ocr_line' id='line_1_31' title="bbox 280 3881 1230 3969; baseline 0.002 -25"><span class='ocrx_word' id='word_1_252' title='bbox 280 3881 359 3944; x_wconf 87' lang='lat' dir='ltr'><strong>retis</strong></span> <span class='ocrx_word' id='word_1_253' title='bbox 381 3882 592 3969; x_wconf 80' lang='lat' dir='ltr'><strong>narrationem</strong></span> <span class='ocrx_word' id='word_1_254' title='bbox 613 3882 798 3967; x_wconf 80' lang='lat' dir='ltr'><strong>descripsit,</strong></span> <span class='ocrx_word' id='word_1_255' title='bbox 819 3881 1029 3949; x_wconf 75' lang='lat' dir='ltr'><strong>Athenaeum.</strong></span> <span class='ocrx_word' id='word_1_256' title='bbox 1223 3957 1230 3960; x_wconf 22' lang='lat'><strong>⁸</strong></span> 
     </span>
     <span class='ocr_line' id='line_1_32' title="bbox 325 3974 1403 4073; baseline 0.004 -26"><span class='ocrx_word' id='word_1_257' title='bbox 325 3974 504 4069; x_wconf 70' lang='grc' dir='ltr'><strong><em>ἐνενήκοντα</em></strong></span> <span class='ocrx_word' id='word_1_258' title='bbox 523 3976 666 4070; x_wconf 68' lang='grc' dir='ltr'><strong><em>καλδὺο.</em></strong></span> <span class='ocrx_word' id='word_1_259' title='bbox 688 3989 735 4052; x_wconf 89' lang='lat' dir='ltr'><strong>De</strong></span> <span class='ocrx_word' id='word_1_260' title='bbox 753 4009 886 4052; x_wconf 87' lang='lat' dir='ltr'><strong>numero</strong></span> <span class='ocrx_word' id='word_1_261' title='bbox 901 3987 1093 4073; x_wconf 86' lang='lat' dir='ltr'><strong>discrepant.</strong></span> <span class='ocrx_word' id='word_1_262' title='bbox 1116 3988 1272 4054; x_wconf 75' lang='lat' dir='ltr'><strong>Arrianus</strong></span> <span class='ocrx_word' id='word_1_263' title='bbox 1288 3985 1357 4051; x_wconf 85' lang='lat' dir='ltr'><strong>Vll.</strong></span> <span class='ocrx_word' id='word_1_264' title='bbox 1372 3987 1403 4051; x_wconf 74' lang='grc' dir='ltr'><strong>(ι.</strong></span> 
     </span>
     <span class='ocr_line' id='line_1_33' title="bbox 280 4080 1406 4178; baseline 0 -24"><span class='ocrx_word' id='word_1_265' title='bbox 280 4094 303 4154; x_wconf 87' lang='grc'><strong>6</strong></span> <span class='ocrx_word' id='word_1_266' title='bbox 330 4099 476 4153; x_wconf 88' lang='lat' dir='ltr'><strong>numerat</strong></span> <span class='ocrx_word' id='word_1_267' title='bbox 501 4080 559 4162; x_wconf 74' lang='grc' dir='ltr'><strong><em>τοὶς</em></strong></span> <span class='ocrx_word' id='word_1_268' title='bbox 586 4081 813 4171; x_wconf 76' lang='grc' dir='ltr'><strong><em>δωκιμωτολτας</em></strong></span> <span class='ocrx_word' id='word_1_269' title='bbox 836 4091 974 4178; x_wconf 81' lang='grc' dir='ltr'><strong><em>Περσῶν</em></strong></span> <span class='ocrx_word' id='word_1_270' title='bbox 1002 4112 1039 4154; x_wconf 87' lang='grc' dir='ltr'><strong>τε</strong></span> <span class='ocrx_word' id='word_1_271' title='bbox 1064 4089 1118 4154; x_wconf 83' lang='grc' dir='ltr'><strong><em>καὶ</em></strong></span> <span class='ocrx_word' id='word_1_272' title='bbox 1139 4081 1264 4178; x_wconf 76' lang='grc' dir='ltr'><strong><em>Μήδων</em></strong></span> <span class='ocrx_word' id='word_1_273' title='bbox 1284 4089 1406 4162; x_wconf 78' lang='grc' dir='ltr'><strong><em>παῖδας</em></strong></span> 
     </span>
     <span class='ocr_line' id='line_1_34' title="bbox 281 4182 1401 4283; baseline -0.003 -24"><span class='ocrx_word' id='word_1_274' title='bbox 281 4192 317 4266; x_wconf 78' lang='grc' dir='ltr'><strong>ἔς</strong></span> <span class='ocrx_word' id='word_1_275' title='bbox 337 4182 544 4283; x_wconf 47' lang='lat' dir='ltr'><strong>(indesinente,</strong></span> <span class='ocrx_word' id='word_1_276' title='bbox 573 4195 690 4280; x_wconf 84' lang='lat' dir='ltr'><strong>quibus</strong></span> <span class='ocrx_word' id='word_1_277' title='bbox 716 4198 741 4260; x_wconf 87' lang='lat' dir='ltr'><strong>si</strong></span> <span class='ocrx_word' id='word_1_278' title='bbox 757 4195 916 4260; x_wconf 89' lang='lat' dir='ltr'><strong>addideris</strong></span> <span class='ocrx_word' id='word_1_279' title='bbox 936 4195 1034 4281; x_wconf 88' lang='lat' dir='ltr'><strong>ipsius</strong></span> <span class='ocrx_word' id='word_1_280' title='bbox 1052 4193 1221 4260; x_wconf 78' lang='lat' dir='ltr'><strong>Alexandri</strong></span> <span class='ocrx_word' id='word_1_281' title='bbox 1238 4205 1269 4258; x_wconf 93' lang='lat' dir='ltr'><strong>et</strong></span> <span class='ocrx_word' id='word_1_282' title='bbox 1285 4194 1401 4278; x_wconf 88' lang='lat' dir='ltr'><strong>princi-</strong></span> 
     </span>
     <span class='ocr_line' id='line_1_35' title="bbox 281 4283 1406 4386; baseline 0.004 -26"><span class='ocrx_word' id='word_1_283' title='bbox 281 4319 360 4383; x_wconf 90' lang='lat' dir='ltr'><strong>pum</strong></span> <span class='ocrx_word' id='word_1_284' title='bbox 377 4297 498 4362; x_wconf 91' lang='lat' dir='ltr'><strong>ducum</strong></span> <span class='ocrx_word' id='word_1_285' title='bbox 516 4320 645 4382; x_wconf 86' lang='lat' dir='ltr'><strong>sponsas</strong></span> <span class='ocrx_word' id='word_1_286' title='bbox 659 4283 942 4386; x_wconf 77' lang='lat' dir='ltr'><strong>,&#39;nephaestionis,</strong></span> <span class='ocrx_word' id='word_1_287' title='bbox 963 4301 1100 4376; x_wconf 86' lang='lat' dir='ltr'><strong>Crateri,</strong></span> <span class='ocrx_word' id='word_1_288' title='bbox 1121 4300 1311 4376; x_wconf 87' lang='lat' dir='ltr'><strong>Perdiccae,</strong></span> <span class='ocrx_word' id='word_1_289' title='bbox 1327 4301 1406 4364; x_wconf 85' lang='lat' dir='ltr'><strong>Pto-</strong></span> 
     </span>
     <span class='ocr_line' id='line_1_36' title="bbox 282 4404 1407 4494; baseline 0.007 -29"><span class='ocrx_word' id='word_1_290' title='bbox 282 4404 414 4482; x_wconf 90' lang='lat' dir='ltr'><strong>lemaei,</strong></span> <span class='ocrx_word' id='word_1_291' title='bbox 432 4404 598 4484; x_wconf 84' lang='lat' dir='ltr'><strong>Eumenis,</strong></span> <span class='ocrx_word' id='word_1_292' title='bbox 618 4407 755 4472; x_wconf 89' lang='lat' dir='ltr'><strong>Nearchi</strong></span> <span class='ocrx_word' id='word_1_293' title='bbox 765 4407 946 4487; x_wconf 87' lang='lat' dir='ltr'><strong>etSeleuci,</strong></span> <span class='ocrx_word' id='word_1_294' title='bbox 962 4405 1407 4494; x_wconf 77' lang='lat' dir='ltr'><strong>habebisdnodenonegioto.</strong></span> 
     </span>
     <span class='ocr_line' id='line_1_37' title="bbox 282 4497 1405 4601; baseline 0.003 -30"><span class='ocrx_word' id='word_1_295' title='bbox 282 4507 433 4572; x_wconf 78' lang='lat' dir='ltr'><strong>helianus</strong></span> <span class='ocrx_word' id='word_1_296' title='bbox 465 4521 571 4574; x_wconf 89' lang='lat' dir='ltr'><strong>autem</strong></span> <span class='ocrx_word' id='word_1_297' title='bbox 592 4534 599 4572; x_wconf 91' lang='lat'>:</span> <span class='ocrx_word' id='word_1_298' title='bbox 624 4501 813 4598; x_wconf 72' lang='grc' dir='ltr'><strong><em>Ἑνενὴκονια</em></strong></span> <span class='ocrx_word' id='word_1_299' title='bbox 826 4507 886 4601; x_wconf 72' lang='lat' dir='ltr'><strong>dd,</strong></span> <span class='ocrx_word' id='word_1_300' title='bbox 914 4512 1040 4599; x_wconf 79' lang='lat' dir='ltr'><strong>inquit,</strong></span> <span class='ocrx_word' id='word_1_301' title='bbox 1063 4497 1141 4595; x_wconf 82' lang='grc' dir='ltr'><strong><em>ἦσαν</em></strong></span> <span class='ocrx_word' id='word_1_302' title='bbox 1163 4507 1194 4575; x_wconf 81' lang='grc' dir='ltr'><strong>οἱ</strong></span> <span class='ocrx_word' id='word_1_303' title='bbox 1215 4507 1405 4594; x_wconf 77' lang='grc' dir='ltr'><strong><em>γαμοῦντες,</em></strong></span> 
     </span>
     <span class='ocr_line' id='line_1_38' title="bbox 283 4601 1492 4700; baseline 0.002 -27"><span class='ocrx_word' id='word_1_304' title='bbox 283 4608 337 4674; x_wconf 79' lang='grc' dir='ltr'><strong><em>καὶ</em></strong></span> <span class='ocrx_word' id='word_1_305' title='bbox 367 4602 540 4699; x_wconf 71' lang='grc' dir='ltr'><strong><em>ἰσάριθμοι</em></strong></span> <span class='ocrx_word' id='word_1_306' title='bbox 564 4604 690 4689; x_wconf 77' lang='grc' dir='ltr'><strong><em>τούτοις</em></strong></span> <span class='ocrx_word' id='word_1_307' title='bbox 717 4612 749 4679; x_wconf 83' lang='grc' dir='ltr'><strong>οἱ</strong></span> <span class='ocrx_word' id='word_1_308' title='bbox 770 4603 925 4699; x_wconf 70' lang='grc' dir='ltr'><strong><em>θάλαμοι.</em></strong></span> <span class='ocrx_word' id='word_1_309' title='bbox 957 4618 1046 4700; x_wconf 85' lang='lat' dir='ltr'><strong>Quae</strong></span> <span class='ocrx_word' id='word_1_310' title='bbox 1072 4615 1132 4679; x_wconf 92' lang='lat' dir='ltr'><strong>nisi</strong></span> <span class='ocrx_word' id='word_1_311' title='bbox 1159 4613 1199 4677; x_wconf 92' lang='lat' dir='ltr'><strong>de</strong></span> <span class='ocrx_word' id='word_1_312' title='bbox 1226 4633 1313 4678; x_wconf 84' lang='lat' dir='ltr'><strong>urere</strong></span> <span class='ocrx_word' id='word_1_313' title='bbox 1339 4614 1406 4699; x_wconf 90' lang='lat' dir='ltr'><strong>ipse</strong></span> <span class='ocrx_word' id='word_1_314' title='bbox 1460 4601 1492 4665; x_wconf 52' lang='lat' dir='ltr'><em>s</em></span> 
     </span>
     <span class='ocr_line' id='line_1_39' title="bbox 285 4718 1406 4809; baseline 0.004 -31"><span class='ocrx_word' id='word_1_315' title='bbox 285 4718 483 4802; x_wconf 85' lang='lat' dir='ltr'><strong>negligenter</strong></span> <span class='ocrx_word' id='word_1_316' title='bbox 505 4741 540 4783; x_wconf 84' lang='lat' dir='ltr'><strong>cr</strong></span> <span class='ocrx_word' id='word_1_317' title='bbox 562 4720 765 4794; x_wconf 61' lang='lat' dir='ltr'><strong>Athenaeoin,</strong></span> <span class='ocrx_word' id='word_1_318' title='bbox 773 4742 864 4787; x_wconf 84' lang='lat' dir='ltr'><strong>suum</strong></span> <span class='ocrx_word' id='word_1_319' title='bbox 875 4723 1027 4809; x_wconf 89' lang='lat' dir='ltr'><strong>scriptum</strong></span> <span class='ocrx_word' id='word_1_320' title='bbox 1039 4721 1233 4792; x_wconf 87' lang='lat' dir='ltr'><strong>transtulisse</strong></span> <span class='ocrx_word' id='word_1_321' title='bbox 1247 4719 1406 4794; x_wconf 80' lang='lat' dir='ltr'><strong>videatur,</strong></span> 
     </span>
    </p>
   </div>
   <div class='ocr_carea' id='block_1_8' title="bbox 0 0 1816 5892">
    <p class='ocr_par' dir='ltr' id='par_1_10' title="bbox 0 0 1816 5892">
     <span class='ocr_line' id='line_1_40' title="bbox 0 0 1816 5892; baseline 0 0"><span class='ocrx_word' id='word_1_322' title='bbox 0 0 1816 5892; x_wconf 95' lang='lat' dir='ltr'><strong> </strong></span> 
     </span>
    </p>
   </div>
  </div>
 </body>
</html>
