3617 5892
835 716 875 775 55

286 887 412 975 pusillis
426 886 574 964 haerere,
595 904 691 969 quam
712 883 752 951 ad
776 884 962 972 gravissima
984 902 1133 972 quaeque
1152 884 1294 953 animum
1312 896 1418 953 atten-

287 991 514 1061 derestndeat.

331 1100 409 1167 Cum
427 1109 515 1167 tauta
543 1117 619 1163 roro
647 1096 814 1184 diligentia
841 1107 998 1183 quantum
1024 1094 1192 1179 conjunxit
1214 1098 1417 1165 Aristobulus

289 1206 425 1281 veritatis
442 1203 602 1283 studium,
628 1214 781 1290 quautam
799 1202 920 1269 fidam?
952 1202 1008 1267 Est
1030 1201 1110 1271 baec
1134 1203 1169 1269 in
1184 1204 1320 1271 maxima
1345 1228 1417 1292 gra·

287 1313 382 1377 ritate
403 1331 545 1377 summae
569 1308 765 1378 difficultatis
791 1308 952 1397 quaestio,
973 1328 1071 1394 quam
1090 1318 1126 1373 ut
1146 1308 1347 1396 aliquantum
1365 1334 1430 1395 sue

284 1438 453 1503 petemus,
477 1436 554 1501 ago,
576 1416 616 1483 ab
633 1416 759 1481 Arriani
774 1414 897 1501 judicio
916 1414 1070 1499 protecti,
1094 1432 1179 1499 quae
1195 1415 1272 1483 hinc
1297 1438 1419 1484 summa

283 1524 423 1610 cogitur,
443 1542 512 1587 cam
534 1540 608 1587 oum
628 1522 765 1587 aliorum
786 1522 972 1587 testimoniis
993 1540 1226 1604 comparemus.

330 1627 575 1706 «Aristobulus,
603 1627 690 1714 qnod
718 1627 900 1694 Alexandro
928 1627 991 1691 tuit
1016 1623 1225 1710 expeditionis
1250 1628 1286 1693 in
1313 1628 1419 1695 Asiam

283 1756 408 1813 eomes,
427 1733 566 1800 scribere
594 1731 634 1797 de
660 1733 756 1817 hujus
779 1734 874 1798 rebus
892 1733 988 1819 gestis
1012 1752 1086 1797 rere
1114 1734 1236 1817 potuit,
1263 1745 1295 1799 et
1319 1737 1426 1821 tnagis

283 1841 397 1919 etiam,
414 1836 649 1927 quoddcmum
669 1852 741 1925 post
760 1840 857 1926 Regis
877 1851 1011 1905 mortem
1032 1841 1275 1905 commentarios
1300 1839 1417 1919 edidit,

284 1967 385 2035 quum
394 1945 486 2009 illum
498 1966 604 2032 neque
620 1946 812 2011 absterreret
830 1956 935 2011 metus
946 1965 1053 2030 neque
1063 1944 1210 2011 alliceret
1222 1947 1418 2031 praemium,
1480 2020 1491 2033 .

281 2062 319 2115 ut
333 2052 425 2117 aliter
442 2072 540 2139 quam
556 2050 746 2121 accidissent
766 2053 896 2139 singula·
916 2051 1113 2120 scriberet.»
1138 2050 1212 2118 lluc
1231 2052 1316 2117 redit
1332 2050 1420 2117 haud

279 2157 481 2223 inconditum
502 2158 628 2224 Arriani
640 2158 818 2242 judicium,
835 2180 934 2245 quem
952 2156 995 2220 de
1010 2156 1194 2221 Ptolemaeo
1213 2156 1324 2223 cadem
1345 2158 1414 2223 fere

279 2265 502 2348 pronuntiasse
517 2263 663 2331 vidimus.
689 2266 796 2347 Quum
813 2276 922 2331 autem
934 2285 1009 2329 sera
1026 2263 1169 2329 scribere
1186 2264 1243 2349 qni
1259 2264 1415 2348 potuisset

279 2388 391 2454 reapse
418 2370 513 2433 etiam
543 2369 677 2433 voluisse
705 2369 877 2450 rideretur,
901 2371 1054 2436 Arrianus
1079 2369 1173 2453 juxta
1195 2370 1419 2435 Ptolemaeum

278 2476 416 2539 maxime
437 2473 657 2539 Aristobulnm
685 2474 745 2537 sibi
767 2476 879 2561 elegit,
904 2498 1002 2562 quem
1019 2478 1054 2541 in
1075 2476 1138 2541 vita
1161 2476 1322 2563 laetisque
1341 2475 1419 2540 Ale-

279 2578 392 2645 xandri
411 2578 593 2644 enarrandis
615 2578 732 2643 ducem
750 2592 951 2667 sequeretur.
975 2580 1071 2663 Quod
1092 2582 1183 2647 uobis
1203 2582 1333 2669 quidem
1357 2602 1417 2665 pro

259 2687 404 2774 'meritis
429 2685 608 2751 Aristobuli
627 2707 692 2751 non
712 2697 816 2771 potest
835 2708 898 2751 nou
920 2687 1138 2773 gravissimum
1163 2708 1230 2751 csse
1248 2706 1421 2772 argumen-

279 2805 368 2871 tum,
397 2789 556 2878 siquidem
587 2792 758 2871 Arrianus,
796 2795 853 2879 qni
881 2815 918 2859 ea
951 2793 1028 2856 vixit
1053 2801 1174 2870 aetate,
1204 2812 1268 2877 qua
1296 2791 1323 2855 si
1355 2812 1418 2855 nou

279 2898 440 2977 omnium,
473 2909 506 2967 at
537 2900 633 2985 longe
667 2899 880 2984 plurimorum
909 2897 1082 2964 Alexandri
1112 2898 1267 2965 comitum
1296 2897 1417 2990 scripta

278 3016 485 3091 supererant,
516 3005 616 3090 probe
648 3004 708 3089 ipsi
738 3006 866 3091 cognita
890 3016 922 3068 et
948 3005 1111 3083 consulta,
1141 3015 1246 3068 tamen
1266 3022 1414 3089 premere

276 3110 453 3175 Aristobuli
475 3121 506 3173 et
526 3110 696 3173 Ptolemaei
713 3113 862 3197 vestigia,
883 3132 981 3198 quam
993 3111 1034 3175 ab
1052 3111 1122 3175 aliis
1141 3110 1313 3174 indicatam
1334 3110 1416 3174 viam

276 3214 404 3304 ingredi
420 3216 542 3282 maluit.
555 3215 665 3296 Quid?
681 3215 768 3301 quod
786 3218 820 3279 in
832 3214 990 3281 Artabani
1000 3257 1040 3269 -
1051 3238 1124 3280 nam
1142 3215 1182 3279 de
1199 3214 1413 3279 Indicie'alia

278 3344 330 3385 res
358 3333 404 3386 est
415 3319 441 3408 ¹)
472 3355 513 3365 —
539 3332 719 3385 ceterorum
747 3322 990 3387 commentarios
1025 3323 1120 3385 unice
1149 3320 1217 3383 lere
1251 3319 1415 3397 adhibuit,

280 3438 437 3514 qnatenus
456 3428 503 3490 vel
522 3427 696 3492 Aristobuli
718 3440 749 3493 et
772 3427 945 3491 Ptolemaei
970 3426 1205 3491 narrationibus
1224 3446 1288 3489 oon
1308 3425 1416 3489 conti-

278 3534 400 3598 nebant
427 3534 604 3612 eontraria‚
635 3534 686 3597 rel
712 3532 760 3597 his
789 3554 854 3596 non
877 3534 978 3596 relata
1007 3530 1199 3596 referebant.
1232 3530 1272 3592 Et
1301 3550 1342 3592 ne
1370 3530 1416 3593 sic

278 3640 430 3727 quidem,
457 3651 492 3703 nt
522 3641 589 3725 ipse
616 3650 815 3717 auctorest,
842 3639 981 3702 multum
1005 3637 1138 3723 reliquis
1167 3634 1231 3699 illis
1260 3633 1413 3714 credidit,

276 3744 334 3811 sed
353 3769 435 3833 quae
454 3728 649 3813 tradiderant
669 3758 820 3833 tanquam
840 3767 902 3809 non
916 3746 1044 3809 omnino
1063 3743 1127 3807 fida
1148 3743 1294 3829 famaque
1310 3741 1414 3806 solum

277 3854 408 3940 vulgata
438 3849 611 3938 recepit2).
646 3853 846 3918 Ptolemaeus
874 3872 951 3915 vero
981 3863 1013 3915 et
1040 3849 1259 3926 Aristohnlus‚
1289 3848 1415 3935 quoties

276 4033 482 4043 ψ,-

309 4118 338 4185 1)
357 4124 386 4171 In
410 4123 450 4172 hia
474 4122 542 4172 enim
567 4126 677 4173 rechtur
701 4138 760 4186 prae
782 4121 839 4171 aliis
860 4122 1002 4171 Nearchum
1027 4125 1054 4171 et
1078 4121 1284 4183 Megasthenem,
1309 4114 1417 4165 laudatis
1520 4171 1529 4189 ·

275 4209 353 4259 stiam
371 4213 423 4257 tum
442 4196 579 4261 Alexandri
591 4207 757 4273 scriptoribus
780 4208 898 4257 univerae
914 4208 958 4275 (ΙΙ.
975 4204 1001 4271 1,
1017 4206 1047 4265 9;
1065 4208 1098 4257 V.
1116 4205 1147 4271 8,
1166 4204 1213 4262 1ος
1234 4200 1415 4263 v1.1.r‚tun
1443 4195 1450 4221 χ

276 4295 354 4345 semel
377 4294 542 4345 Eratosthene
563 4300 590 4345 et
612 4297 694 4348 etesia
716 4295 772 4362 (ΙΙΙ.
797 4292 831 4359 1,
856 4292 902 4359 6.),
924 4295 987 4343 item
1010 4295 1133 4345 Hannone
1154 4288 1250 4357 (xtttt.
1266 4282 1319 4350 11.)
1335 4286 1416 4335 ethis

277 4381 419 4431 Onesicrito
437 4381 541 4447 (111.6;
561 4383 604 4432 vt.
621 4379 666 4445 8.);
688 4380 865 4434 Aristobnlum
882 4396 944 4431 vero
957 4380 1051 4429 nullibi
1063 4379 1176 4429 lontibus
1191 4375 1242 4423 suia
1250 4379 1415 4435 annumerat,

275 4481 430 4530 quamquam
450 4472 479 4517 st
498 4469 569 4517 huuc
596 4466 731 4531 aliquoties
755 4466 915 4519 consuluisse
945 4466 1057 4517 videtur.
1083 4462 1141 4513 Vid.
1159 4463 1248 4523 annot.
1266 4458 1298 4509 ad
1316 4460 1413 4522 fragm.

276 4551 390 4605 xxxva
406 4558 433 4603 et
449 4552 522 4609 tht.

312 4636 340 4700 2)
357 4637 474 4689 Prodem.
492 4638 518 4690 3.
535 4640 560 4689 Si
581 4655 641 4689 vero
660 4653 704 4687 sua
727 4644 766 4689 est
790 4637 930 4690 Plutarcho
951 4636 1030 4698 fides,
1047 4631 1125 4701 eujus
1144 4635 1229 4679 tamen
1245 4629 1414 4695 patrocinium

277 4722 408 4787 suscipere
428 4725 522 4790 nolim,
542 4726 666 4779 Arrianus
687 4724 815 4789 promissis
838 4742 890 4775 non
913 4736 1012 4786 semper
1030 4719 1111 4769 stetit.
1140 4717 1316 4782 Quaestionem
1330 4715 1415 4777 cogita
