3617 5892
960 695 1004 759 ³⁰
1051 778 1057 785 .

468 866 514 935 Do
534 871 645 933 corvis
665 868 732 933 tiae
751 866 886 933 ducibus
907 876 1074 932 narrarunt
1092 866 1206 946 ceteri,
1230 886 1310 952 quos
1332 866 1477 933 laudatos
1499 870 1547 935 ri-

424 974 498 1041 deas
513 975 553 1039 od
569 973 704 1041 Aristob.
725 975 851 1061 Fragm.
872 973 934 1054 xl;
959 972 1000 1037 de
1015 971 1218 1037 draconibus
1235 994 1317 1038 unus
1334 974 1544 1042 Ptolemaeus.

423 1082 606 1159 Accianum,
626 1100 685 1144 nec
700 1101 775 1143 vero
793 1079 1009 1144 Ptolemaeum
1025 1079 1148 1164 ipsum,
1171 1089 1209 1144 ut
1227 1080 1390 1145 contendit
1409 1080 1545 1147 Geierus

423 1210 456 1273 p.
479 1191 536 1266 74,
558 1186 718 1252 consuluit
735 1184 857 1249 Auctor
875 1185 998 1280 [tiator.
1016 1183 1115 1250 Ales.
1132 1185 1167 1252 t.
1201 1185 1292 1267 Quae
1310 1186 1395 1251 enim
1414 1188 1544 1253 scribit:

426 1294 533 1357 «Duos
553 1312 663 1357 corros
687 1290 878 1355 draconesre
898 1291 1040 1377 praevios
1065 1292 1157 1355 ivisse
1174 1291 1263 1356 aiunt
1282 1294 1424 1356 inimici
1435 1292 1546 1379 sobu-

424 1398 580 1477 lorum»,
610 1396 648 1461 iis
663 1397 741 1481 »quis
764 1408 827 1462 tam
847 1418 962 1462 coecus
981 1407 1029 1461 cst
1047 1398 1127 1483 quin
1145 1397 1280 1481 exprimi
1299 1395 1404 1461 rideat
1419 1398 1546 1466 Arriani

420 1505 545 1583 locum,
568 1503 784 1567 Ptolemaeum
804 1514 835 1567 et
850 1503 1069 1570 Aristobulum
1086 1501 1269 1568 laudantis?
1291 1504 1358 1568 Nec
1376 1506 1479 1590 magis
1497 1506 1546 1577 ie-

421 1611 539 1675 sentior
562 1609 698 1687 Geiero,
719 1608 776 1674 uhi
791 1619 888 1674 totam
909 1609 949 1674 de
971 1608 1163 1675 draconibus
1182 1610 1454 1675 narratiunculam
1473 1614 1545 1697 piae

338 1704 341 1713 “
421 1716 592 1781 Ptolemaei
612 1714 717 1781 fraudi
737 1714 868 1794 tribuit,
896 1715 1043 1781 Ammoni
1071 1716 1138 1780 Deo
1162 1715 1300 1779 vicissim
1322 1716 1544 1802 gratificando,

422 1822 541 1907 quippe
569 1820 660 1905 cujus
688 1834 769 1889 nutu
793 1819 925 1885 Rhodiis
948 1833 1021 1887 ante
1043 1843 1228 1888 concessum
1254 1833 1351 1901 esset,
1378 1834 1414 1886 ut
1440 1824 1544 1887 Ptole-

417 1948 545 1992 maeum
573 1926 709 2015 Σωτῆρα
735 1926 847 1992 divinis
872 1926 1045 1993 honoribus
1074 1929 1227 1995 colerent.
1259 1927 1305 1994 Gt.
1331 1950 1363 2014 p.
1384 1933 1438 1995 15.
1455 1929 1545 2012 Quae

422 2032 640 2118 interpretatio
664 2034 781 2099 mirum
799 2044 954 2121 qnantum
982 2035 1089 2121 friget.
1123 2034 1222 2117 Quasi
1246 2034 1331 2097 enim
1353 2033 1544 2100 draconibus

421 2137 608 2204 inducendis
633 2140 832 2207 Ptolemaeus
860 2141 975 2205 melius
1003 2138 1043 2204 de
1067 2140 1222 2206 Ammone
1239 2141 1422 2221 meruisset,
1449 2163 1545 2228 quam

421 2247 522 2311 corvis
540 2246 743 2312 Aristobulus
765 2258 797 2311 et
818 2245 1037 2313 Callisthenes.
1071 2247 1314 2332 Utrumoun'que
1335 2248 1452 2326 maris,
1472 2268 1545 2312 cor-

420 2372 474 2416 vos
500 2375 539 2417 an
564 2352 733 2431 dracones,
754 2352 862 2417 fabula
877 2364 1044 2433 narratur,
1063 2376 1163 2439 quam
1183 2353 1295 2418 dubito
1317 2374 1358 2417 an
1378 2353 1436 2439 qui
1453 2364 1543 2419 natu·

420 2458 481 2523 rali
510 2480 528 2521 o
555 2480 649 2524 causa
676 2470 826 2545 repetunt
856 2469 944 2523 recte
971 2458 1150 2547 expediant,
1183 2459 1260 2525 lllihi
1283 2459 1543 2524 Westermannus

422 2545 599 2631 comment.
622 2564 660 2631 de
680 2564 841 2631 Collistls.
865 2564 908 2632 II.
930 2566 949 2628 2
972 2588 1005 2650 p.
1025 2570 1067 2631 16
1087 2588 1148 2631 acu
1170 2587 1238 2630 rem
1257 2575 1387 2651 tangere
1407 2566 1543 2646 viditur,

420 2672 548 2758 quando
567 2686 782 2739 commentum
804 2694 870 2737 esse
891 2683 982 2759 putat
1008 2684 1064 2737 aut
1081 2675 1179 2759 ipsius
1200 2672 1371 2738 Alexandri
1387 2683 1443 2736 aut
1461 2672 1545 2737 adu·

418 2778 554 2843 latorum
571 2780 642 2864 ¹ejus
666 2774 904 2845 et'amicorum.
943 2779 1113 2865 «Quippe,
1136 2780 1199 2859 nit,
1220 2782 1313 2844 tantis
1334 2781 1367 2843 in
1389 2778 1545 2865 perieulis

411 2884 592 2970 plurimum
611 2886 764 2949 intererat
773 2883 960 2963 Alexandri,
979 2896 1015 2949 ut
1031 2907 1178 2973 praesens
1191 2908 1257 2949 esse
1268 2884 1409 2950 divinum
1427 2907 1546 2949 numen

418 2989 532 3053 milites
553 2984 739 3070 crederent,
773 3012 810 3055 ac
830 2992 876 3054 sic
904 2989 1033 3076 demum
1057 3003 1089 3056 et
1112 3013 1162 3055 res
1185 2993 1252 3056 eius
1270 2993 1420 3057 maiorem
1440 2991 1546 3076 splen·

418 3092 526 3159 durem
544 3107 575 3159 et
592 3097 721 3161 oracula
738 3118 810 3161 mox
828 3095 948 3161 edenda
961 3098 1112 3163 maiorem
1127 3097 1214 3183 apud
1234 3098 1377 3164 homines
1396 3096 1544 3170 credulos

417 3200 513 3267 fidem
540 3202 730 3287 videbantur
757 3224 823 3267 esse
842 3203 1002 3271 habitura.
1016 3218 1019 3224 ’
1034 3204 1129 3287 Quod
1151 3216 1224 3269 utut
1243 3217 1328 3285 erat,
1356 3227 1468 3270 rumor
1490 3202 1544 3268 ad-

417 3306 521 3388 flavit,
541 3310 671 3395 serpsit,
695 3311 833 3375 volitavit
861 3332 921 3395 per
952 3333 1007 3375 ora
1028 3311 1182 3393 militum3
1211 3334 1303 3375 nemo
1322 3311 1460 3390 viderat,
1489 3306 1544 3373 sed

417 3414 622 3480 crediderunt
641 3437 765 3494 omnes,
785 3415 939 3503 brevique
961 3416 1108 3481 miraculi
1127 3430 1343 3482 commentum
1366 3419 1494 3503 penitus
1511 3416 1542 3477 in

414 3522 534 3588 animus
558 3544 625 3586 sese
654 3523 840 3602 insinuarit,
873 3522 954 3587 adeo
980 3534 1015 3587 ut
1043 3546 1083 3587 ue
1105 3523 1326 3609 prudentiores
1352 3521 1485 3610 quidem
1505 3520 1544 3586 de

414 3628 460 3696 rei
477 3628 608 3693 veritate
626 3628 825 3709 dubitarent3
845 3650 1029 3717 quanquam
1048 3610 1203 3717 quosdam
1222 3630 1365 3716 suspicor
1387 3628 1484 3693 fidem
1502 3628 1543 3691 si·

415 3733 567 3814 mulasso,
594 3757 634 3798 ne
669 3734 747 3822 quid
774 3734 814 3799 de
843 3735 1012 3819 splendore
1035 3737 1194 3801 tactorum
1226 3735 1399 3801 Alexandri
1422 3748 1545 3799 temere

415 3838 581 3904 detrahere
602 3840 683 3905 velle
699 3841 919 3910 viderentur.»
952 3842 1047 3924 Quod
1065 3843 1131 3911 Viri
1149 3842 1256 3910 Celeb.
1270 3842 1429 3925 judicium
1446 3862 1546 3928 quam

413 3953 525 4011 rerum
544 3946 601 4025 sit,
622 3948 726 4033 palam
746 3958 793 4011 est
808 3970 845 4012 cx
862 3947 924 4012 hoc
942 3948 1087 4013 Philotae
1098 3948 1248 4029 dicterio,
1267 3947 1354 4036 quod
1365 3946 1452 4035 apud
1464 3946 1545 4011 Plu-

415 4051 562 4118 tarchum
578 4053 696 4139 legitur
717 4053 811 4118 Orat.
832 4052 870 4117 ds
883 4054 983 4121 Alos.
999 4056 1042 4121 ΙΙ.
1056 4057 1074 4118 7
1092 4076 1100 4119 ε
1123 4052 1200 4121 Ποῦ
1220 4043 1405 4137 δ’Ἀμμων,
1421 4050 1491 4124 ποῦ
1508 4047 1546 4116 δὲ

414 4156 447 4224 οἱ
469 4146 654 4245 δράκοντες,
678 4148 715 4223 dv
735 4149 828 4245 ἡμεῖς
847 4150 892 4248 μή
913 4157 1079 4244 ditiones,

931 4398 1021 4471 Vnt.

458 4593 579 4660 Arrian.
609 4595 670 4664 III.
694 4596 724 4661 4.
750 4597 782 4661 5.
809 4580 962 4666 Ἀκούσας
989 4551 1222 4679 (Ἀλέξᾷνδρος)
1249 4580 1313 4655 ὅσα
1337 4580 1428 4672 crispi
1456 4577 1546 4673 πρὸς

414 4696 525 4781 91)μοῦ
546 4686 596 4785 ἦν,
620 4687 665 4771 nic
687 4691 805 4783 tibtyev,
834 4686 999 4773 ἀνέζευξεν
1019 4686 1072 4761 s'n'
1091 4683 1272 4780 Abydmov,
1301 4686 1347 4767 ὦς
1375 4690 1433 4775 μὲν
1455 4684 1545 4781 ’Aps-
