3617 5892
867 690 989 801 ¹ss

925 908 1089 1010 xm..

450 1099 576 1167 hrrien.
598 1099 657 1169 Vl.
681 1100 714 1167 2.
738 1102 770 1168 t.
787 1083 847 1167 'Hs
863 1089 904 1165 ad
923 1088 1052 1181 ξύμπαν
1069 1095 1202 1186 πλῆθος
1219 1097 1382 1184 τῶννερῖν,
1393 1091 1533 1189 (deleres

405 1203 657 1286 Πτολεμαῖος
676 1192 695 1268 d
713 1192 858 1289 Λάγου,
880 1190 909 1287 qi
927 1191 1068 1283 μάλιστα
1085 1194 1295 1288 dydimum,
1314 1196 1533 1295 τριακόντοροι

405 1304 463 1391 μὲν
491 1303 525 1381 ἐς
554 1294 760 1394 ὀγδοήκοντα·
789 1295 832 1371 τὰ
860 1303 898 1370 dd
924 1293 1031 1370 πάντα
1048 1304 1149 1371 πλοῖα
1167 1295 1224 1371 οὐν
1241 1308 1310 1381 τοῖς
1329 1304 1534 1396 ἱππαγωγοῖς

405 1407 459 1477 καὶ
487 1402 550 1476 ὅσα
579 1398 662 1474 ἄλλα
688 1397 834 1492 ποτάμια
852 1398 874 1495 ἢ
892 1406 957 1472 τῶν
975 1397 1078 1475 πάλαι
1096 1397 1258 1476 πλεόντων
1276 1402 1358 1477 mci
1376 1404 1453 1488 τούς
1470 1433 1534 1479 πο-

404 1505 527 1595 canonic
553 1502 576 1599 ἢ
603 1507 636 1577 ἐν
664 1508 714 1594 τῷ
741 1498 816 1577 τότε
843 1505 1047 1598 ποιηθέντων
1075 1503 1116 1577 oo'
1143 1503 1230 1579 πολι)
1261 1502 1444 1581 ἀποδέοντα
1469 1514 1535 1581 sris

406 1611 580 1700 δισχιλίων.

449 1722 496 1786 De
522 1741 654 1786 numero
680 1719 896 1806 navigiorum,
924 1715 1118 1803 quibuscum
1135 1718 1169 1783 in
1188 1718 1336 1807 Hydaspe
1351 1720 1534 1807 navigatum
1627 1733 1628 1736 ’

406 1840 472 1909 est,
501 1827 585 1894 inter
613 1824 785 1893 Alexandri
808 1824 849 1892 ll.
868 1823 1040 1909 scriptores
1064 1845 1128 1889 non
1155 1825 1354 1906 convenisse,
1372 1826 1437 1911 jam
1460 1828 1534 1893 satis

383 2004 385 2011 ,
405 1933 588 1999 declaratur
603 1932 666 1998 hoc
686 1932 813 1998 hrriani
831 1928 971 2008 monito,
995 1916 1041 2001 eis
1057 1923 1144 2013 λέγει
1154 1920 1389 2011 Πτολεμαῖοςὸ
1403 1919 1533 2016 Λάγου,

406 2026 435 2125 ᾦ
455 2025 595 2123 μάλιστα
615 2028 677 2124 ἐγώ
698 2034 834 2120 ἕπομαι,
863 2045 957 2101 testes
981 2032 1163 2119 adspernati
1190 2034 1373 2101 Nearchum
1399 2047 1432 2099 et
1451 2035 1533 2102 One·

406 2143 570 2211 simitum*
601 2142 644 2207 Ut
669 2162 745 2206 vero
774 2140 849 2207 hino
867 2140 945 2225 jure
970 2141 1140 2220 miramur,
1171 2140 1251 2228 quid
1277 2141 1447 2207 Arrianurn
1466 2163 1536 2207 mo-

406 2250 506 2329 verit,
528 2260 566 2314 ut
590 2246 702 2321 lodic
726 2248 813 2315 xlx.
836 2249 856 2314 7
877 2245 1015 2313 Nearchi
1036 2246 1234 2333 potissimum
1259 2249 1475 2315 recensionem
1492 2248 1533 2312 sit

405 2366 554 2435 secutus,
573 2355 619 2419 ita
647 2355 748 2441 magis
773 2354 867 2419 etiam
886 2354 1005 2419 mirum
1026 2350 1169 2434 videtur,
1190 2353 1296 2441 ipsum
1318 2355 1426 2420 classis
1443 2374 1535 2441 prae-

404 2461 528 2526 fectum
547 2483 565 2525 a
583 2481 657 2525 vero
676 2471 739 2525 tam
759 2460 857 2547 longe
876 2460 1025 2525 aberrare
1043 2458 1202 2544 potuisse,
1229 2471 1267 2525 ut
1282 2460 1351 2525 lere
1369 2462 1460 2527 mille
1478 2460 1532 2525 du-

407 2577 515 2633 centas
537 2578 638 2632 naves
659 2567 764 2631 minus
792 2565 1007 2632 numeraverit
1034 2586 1131 2653 quam
1151 2566 1333 2632 Ptolemaeo
1355 2576 1532 2633 numeratas

406 2670 553 2741 vidimus.
577 2672 762 2738 Secundum
774 2672 955 2738 Nearchum
972 2672 1056 2737 enim
1074 2668 1147 2756 νῆες
1162 2661 1534 2754 αἱσῦμπασαιόιιταιιό-
1627 2663 1628 2676 ’

406 2796 491 2843 σιαι
503 2764 599 2865 ἦσαν,
620 2779 802 2866 gravissimo
820 2776 1020 2856 discrimine,
1037 2778 1092 2841 cui
1103 2787 1141 2839 nt
1157 2787 1375 2857 succurreret,
1393 2775 1534 2842 Schmie·

405 2882 501 2951 derus
519 2884 683 2948 numerale
702 2880 803 2965 χίλιαι
817 2881 1084 2970 interponendum
1105 2903 1173 2946 esse
1189 2881 1345 2966 conjecit,
1357 2882 1536 2949 Nearchum

304 2974 307 2983 ,
406 2989 507 3057 mille
523 2991 736 3074 octingentos
754 3008 848 3052 naves
876 2989 1071 3054 recensuisse
1093 3000 1192 3057 ratus.
1223 2988 1331 3077 Atque
1351 2988 1431 3054 hanc
1457 3010 1535 3055 con-

403 3094 562 3179 jecturam
577 3091 669 3157 video
690 3091 846 3179 placuisse
866 3094 1030 3182 Droyseno
1055 3116 1088 3181 p.
1116 3095 1198 3175 4283
1219 3094 1306 3183 quod
1326 3096 1445 3161 lactum
1467 3095 1537 3161 nol·

406 3200 482 3268 lem.
506 3200 603 3283 Quasi
624 3198 747 3265 scilicet
764 3210 828 3264 tam
853 3198 1002 3287 despecta
1014 3202 1054 3264 sit
1070 3200 1201 3266 Diodori
1218 3212 1250 3265 et
1267 3202 1368 3269 Curtii
1386 3200 1483 3281 fides,
1502 3211 1538 3266 ut

406 3304 523 3372 horum
534 3306 712 3372 testimonia
727 3306 833 3373 lacere
844 3307 937 3372 nihili
948 3307 1062 3386 liceat,
1083 3306 1177 3373 modo
1194 3306 1539 3395 conjecturaeopeNe·

407 3413 539 3481 archum
548 3412 730 3483 Ptolemaeo
741 3414 849 3502 aliqua
858 3412 1029 3479 concordia
1042 3412 1282 3501 conjungamus.
1298 3413 1361 3480 Sed
1370 3414 1455 3479 istud
1469 3414 1539 3501 qui·

407 3519 479 3586 dem
490 3522 539 3587 vix
551 3518 760 3602 crediderim,
779 3522 806 3586 si
817 3522 870 3586 cui
882 3520 979 3589 etiam
992 3520 1049 3585 ille
1061 3520 1270 3607 probabiliter
1282 3542 1425 3587 narrasse
1435 3518 1539 3585 videa·

408 3638 475 3706 tur,
494 3627 551 3713 qui
568 3626 783 3691 Alexandrum
796 3648 870 3692 cum
882 3626 1012 3692 duobos
1026 3626 1153 3691 navium
1165 3625 1326 3691 millibus
1342 3628 1375 3691 in
1391 3625 1539 3715 Hydaspe

408 3732 572 3817 navigasse
595 3732 805 3800 contenderit.
838 3731 925 3817 Quid
947 3743 1053 3798 autem
1074 3730 1255 3797 Diodorus?
1283 3732 1369 3822 Quid
1388 3730 1540 3799 Curtius?
1624 3799 1625 3820 ,

409 3838 552 3927 Uterque
573 3836 678 3925 (lliod.
700 3839 885 3919 xv11.95,
906 3840 995 3907 Curt.
1017 3837 1040 3905 l.
1061 3838 1085 3905 l.
1108 3833 1178 3925 22.)
1207 3839 1307 3903 millo
1330 3851 1454 3905 tanturn
1482 3860 1540 3913 na·
1624 3893 1625 3914 ,

409 3944 496 4009 vium
503 3942 732 4013 meminerunt.
745 3947 842 4030 'Quin
853 3944 965 4033 igitur,
982 3966 1046 4009 non
1063 3943 1136 4009 dico
1149 3945 1328 4013 Ptolemaeo
1338 3944 1537 4026 Nearchum,

409 4049 465 4116 sed
482 4048 558 4118 huic
582 4051 676 4116 illum
696 4050 930 4138 quodammodo
956 4051 1162 4117 conciliamus
1185 4073 1325 4141 cumque
1348 4050 1486 4117 Diodoro
1510 4061 1542 4114 et

409 4156 517 4223 Curtio
540 4156 572 4220 iu
604 4159 736 4244 gratiam
764 4157 962 4245 redigimus?
992 4157 1193 4239 scribamus,
1214 4159 1363 4249 inquam,
1394 4168 1430 4223 ut
1457 4156 1542 4221 bene
1623 4147 1624 4150 ¹

410 4262 586 4350 procedant
605 4266 726 4347 omnia,
743 4265 778 4329 iu
787 4264 966 4353 fragmento
981 4263 1156 4331 Ptolemaei
1176 4285 1185 4330 τ
1209 4254 1248 4329 ori
1261 4254 1349 4331 nolti
1360 4252 1544 4330 sinoddorrc
1623 4291 1625 4320 ι

409 4366 474 4434 τῶν
497 4366 644 4455 χιλίων.

937 4492 1010 4560 XII.

456 4665 581 4734 Arrian.
615 4669 671 4738 Vl.
708 4672 760 4737 10.
796 4673 831 4749 1,
866 4669 902 4749 23
928 4671 983 4734 ll.
1007 4669 1040 4734 7.
1072 4654 1287 4753 Ἀλέξανδρος
1311 4652 1465 4747 βάλλεται
1486 4658 1544 4726 nori

413 4761 510 4846 οὗτος
537 4764 592 4839 διὰ
621 4772 681 4840 τοῦ
707 4763 860 4862 θώρακος
885 4770 919 4847 ἐς
947 4763 986 4838 τὰ
1016 4770 1143 4856 στῆθος
1160 4757 1343 4868 ,τοξεύματι
1371 4760 1457 4853 ὑπὲρ
1485 4754 1545 4830 τόν
