3617 5892
700 653 704 661 ’
801 669 859 732 ret

204 837 241 884 n.
313 841 432 908 Βιουίιί
455 841 578 906 cultum
605 839 646 904 ab
670 840 898 926 antiquissimis
919 841 1112 926 temporibus
1133 863 1194 908 nou
1217 855 1336 910 tontum
1354 846 1388 910 in

205 934 238 986 δέ
265 951 462 1036 Nysaeorum
479 945 559 1010 urbe
574 944 761 1022 invaluisse,
782 957 818 1009 ut
835 946 970 1010 fabulati
990 958 1080 1027 sunt,
1102 949 1155 1033 qui
1169 947 1208 1010 de
1219 947 1389 1014 Alexandri

203 1030 240 1096 δέ
266 1055 470 1141 expeditione
486 1052 699 1137 scripserunt,
720 1050 774 1114 sed
793 1073 849 1136 per
864 1061 961 1117 totam
978 1053 1099 1118 Indiam
1111 1062 1142 1116 et
1150 1052 1298 1118 Arabiam
1310 1054 1389 1119 adeo
1443 1061 1445 1066 '

203 1161 229 1219 n
268 1164 410 1248 (Fragm.
440 1156 578 1224 Aristob.
603 1152 652 1242 L.)
680 1157 775 1242 longe
797 1157 925 1244 lateque
943 1161 1099 1244 patuisse,
1128 1159 1226 1246 inque
1245 1161 1389 1245 plurimis

202 1260 225 1315 δ’·
264 1268 451 1345 beneficiis,
473 1283 555 1350 quae
572 1261 611 1325 ab
632 1283 669 1326 eo
686 1274 817 1348 accepta
834 1266 1009 1344 referrent,
1028 1265 1122 1330 Indos
1137 1265 1229 1348 juxta
1250 1267 1389 1353 agricul-

202 1356 232 1416 'f
266 1387 374 1439 turam
404 1372 468 1435 riui
499 1389 591 1433 usum
616 1369 809 1453 reposuisse,
835 1370 953 1436 affatim
979 1383 1112 1438 constat.
1130 1373 1266 1456 Ajebant
1285 1363 1388 1451 enim,

202 1484 233 1527 n:
263 1471 325 1544 τδν
345 1474 403 1560 μὲν
424 1462 634 1562 ἀρχαιότατον
654 1462 834 1560 (Διόνυσον)
848 1464 937 1539 ’[νδδν
952 1473 1123 1560 μεμονέναι,
1146 1475 1200 1541 καὶ
1213 1477 1270 1564 τῆς
1281 1467 1391 1564 χώρας

265 1569 458 1663 αὐτομάτως
471 1569 524 1643 διά
531 1566 586 1664 τήν
600 1566 771 1661 εὐκρασίαν
784 1566 950 1665 φερούσης
959 1571 1080 1666 πολλήν
1092 1569 1248 1660 άμπελον,
1259 1579 1391 1669 πρῶτον

263 1683 383 1749 τοῦτον
403 1673 592 1768 ἀποθλῖψαι
612 1668 754 1766 βάιρυας
774 1676 828 1741 καὶ
848 1670 909 1765 τηνΙ
924 1678 1035 1767 χρείαν
1055 1681 1111 1769 τῆς
1136 1681 1214 1770 περὶ
1233 1674 1288 1748 τδν
1309 1673 1394 1769 οἶνον,

265 1775 403 1875 φάσεως
416 1781 589 1872 ἐπινοῆσαι.
614 1784 703 1866 Quae
714 1783 893 1848 suntverba
905 1783 1037 1849 Diodori
1048 1786 1107 1854 111.
1119 1791 1181 1866 63,
1199 1789 1390 1854 eonferenda

265 1913 345 1957 cum
363 1889 572 1976 Megasthenis
591 1890 662 1975 loco
684 1911 735 1974 ap.
752 1890 872 1954 Arrian.
893 1890 1001 1956 Ινιιίίσ.
1023 1893 1095 1960 VII.
1117 1900 1135 1960 5
1154 1915 1224 1981 sqq.
1243 1894 1389 1960 indicum
1412 1897 1417 1912 '

263 1993 386 2060 Bacchi
407 2017 542 2074 nomen,
570 1993 658 2082 quod
684 1995 718 2058 in
746 1994 839 2062 codd.
864 1995 1019 2060 Athenaei
1035 1987 1230 2084 Σοροάδειος
1249 1999 1389 2086 legitur,

267 2089 470 2188 Σοροάδειος
491 2101 643 2166 scribitur
660 2100 794 2164 Plehnio
811 2102 964 2170 Lesbiae.
985 2126 1016 2189 p.
1036 2106 1113 2170 210.
1139 2105 1209 2186 Qua
1225 2105 1265 2171 de
1278 2127 1388 2186 causa,

199 2224 200 2243 ³
264 2227 393 2293 ignoro.

793 2332 864 2400 xv.
933 2311 939 2320 '

312 2501 431 2571 Athen,
453 2504 501 2568 111
524 2525 556 2588 p.
584 2505 647 2567 124
669 2503 705 2570 G.
739 2493 873 2591 Χάρης
899 2494 922 2570 o‘.
944 2505 1215 2594 Μυτιληναῖος
1239 2503 1277 2573 ἐν
1300 2511 1391 2584 ταῖς
1412 2515 1419 2522 “

197 2613 213 2659 9
263 2608 363 2695 περί
385 2601 634 2696 Ἀλέξανδρον
658 2599 859 2695 Ἱστορίαις
884 2599 976 2681 ὅπως
998 2609 1050 2673 δεῖ
1068 2597 1158 2693 χιόνα
1177 2599 1391 2707 διαφυλάττε-

198 2721 203 2791 ζ
265 2715 354 2776 σθαι
380 2711 502 2800 εἴρηκε,
532 2699 739 2799 διηγούμενος
763 2711 843 2798 περὶ
864 2709 923 2798 τῆς
940 2709 1131 2798 πολιορκίας
1150 2711 1207 2800 τῆς
1228 2699 1260 2776 ἐν
1278 2702 1392 2788 Ἰνδοῖς

197 2843 210 2882 ι,
264 2805 396 2887 πόλεως
423 2811 569 2902 Πέτρας,
598 2803 712 2900 σ’ρδξαι
741 2801 875 2900 φάσκων
902 2803 958 2878 τδν
985 2803 1200 2900 Ἀλέξανδρον
1227 2802 1392 2900 δράγματα

196 2939 209 2986 n
264 2906 436 3006 τριάκοντα
452 2908 564 2999 συχνά,
579 2907 602 2978 ii
616 2904 831 3004 πληρώσαντα
847 2905 954 2999 χιόνος
968 2916 1188 3004 παρεμβαλεῖν
1205 2909 1303 3005 δρυδς
1316 2901 1392 2983 κλά-

264 3023 355 3093 δους.
379 3010 471 3085 Οὕτω
492 3011 553 3104 γάρ
575 3021 773 3104 παραμενεῖν
792 3015 896 3084 πλείω
918 3008 1032 3105 χρόνον
1050 3011 1107 3108 την
1127 3009 1227 3103 χιόνα.

196 3154 202 3188 ·;
312 3121 484 3208 Oppidum
502 3124 594 3185 Petra
613 3122 725 3186 dubito
741 3146 781 3186 an
800 3123 876 3187 alibi
895 3144 1033 3210 usquam
1054 3137 1259 3192 memoretur:
1282 3125 1390 3208 Quum

264 3240 375 3298 autem
390 3229 483 3292 situm
498 3228 606 3291 fuisse·
617 3229 650 3289 in
668 3227 759 3290 India
777 3227 918 3307 dicatur,
934 3229 1020 3292 haud
1040 3231 1100 3293 alia
1119 3243 1220 3316 potest
1233 3231 1395 3334 dpsignari,

196 3361 203 3403 ι
265 3339 360 3400 Petra
382 3356 477 3420 quam
502 3334 643 3408 Aornos,
672 3334 724 3396 cui
752 3333 893 3416 proxime
920 3333 1084 3416 adjacebat
1111 3334 1275 3398 Eubolima
1299 3337 1389 3402 urbs.

196 3492 199 3506 r
264 3440 341 3510 Vid.
362 3440 486 3505 Arriam
514 3440 571 3507 lv.
600 3441 655 3506 28.
680 3441 720 3518 7;
747 3439 834 3504 Curt.
850 3438 940 3506 VIII.
967 3439 1018 3524 12.
1044 3441 1073 3505 1.
1104 3440 1222 3504 Eodem
1248 3439 1389 3506 Gbaretis

264 3549 481 3634 fragmentum
499 3546 598 3609 refert
612 3547 791 3632 Droysenus
809 3567 842 3630 p.
860 3547 937 3611 380.
960 3545 1050 3632 Cepit
1064 3546 1192 3613 dornon
1211 3544 1389 3610 Alexander

264 3664 385 3719 aestate
407 3674 436 3718 a.
460 3653 535 3716 327.
654 3648 657 3654 ’
1343 3643 1346 3650 ’

782 3858 869 3927 XVI.

311 4035 426 4101 Athen.
451 4036 534 4118 X-p.
559 4037 623 4099 436
646 4036 776 4099 r-tet
800 4035 838 4100 Β.
874 4023 1003 4121 Χάρης
1024 4025 1043 4098 ὁ
1064 4031 1333 4119 Μυτιληναῖος
1353 4017 1391 4098 ἐν

265 4146 354 4215 ταῖς
378 4137 472 4227 περὶ
499 4131 755 4226 Ἀλέξανδρον
778 4130 984 4226 Ἱστορίαις
1005 4133 1084 4222 περὶ
1104 4124 1254 4200 Καλάνου
1276 4127 1388 4215 εἰπιδν,

266 4244 334 4329 τοιῖ1
342 4239 447 4309 Ἰνδοῦ
463 4233 666 4329 φιλοσόφου,
689 4233 755 4321 ὅτι,
780 4239 885 4329 ῥίψας
900 4231 1015 4305 ἑαυτὸν
1030 4235 1077 4312 εἰς
1090 4229 1197 4325 πυράν
1210 4236 1388 4325 νενημένην,

267 4343 430 4426 ἀπέθανε,
454 4343 553 4434 φησὶν
573 4338 625 4410 ὅτι
638 4344 692 4410 καλ
705 4343 762 4410 ἐπὶ
777 4343 826 4427 τῷ
844 4333 984 4431 μνήματι
1000 4334 1100 4407 αὐτοῦ
1114 4336 1263 4427 διέθηκεν
1277 4332 1390 4419 Ἀλέξό

268 4447 387 4535 ανδρος
412 4439 557 4534 φυμνικδν
582 4439 689 4532 άγαῖνα
713 4445 766 4511 καί
793 4439 946 4535 μοησυιδν
972 4441 1142 4530 ἐγκωμίων.
1179 4433 1310 4530 «Ἔθηκε
1337 4443 1388 4525 δὲ,
1450 4495 1453 4503 ,

268 4550 366 4640 φησὶ,
400 4551 453 4616 καὶ
482 4542 537 4618 διά
564 4542 621 4638 την
649 4546 810 4637 φιλοινίαν
835 4549 899 4614 τοῖν
930 4539 1039 4614 Ἰνδῶν
1065 4544 1120 4610 καὶ
1148 4537 1389 4634 α’κρατοπσσίας

217 4744 220 4751 .
268 4647 384 4739 άηιόνα.
407 4652 472 4720 Καὶ
492 4643 529 4740 ἦν
550 4642 653 4720 ἆθλον
671 4653 719 4738 τῷ
733 4652 791 4736 μέν
805 4642 927 4740 πρώτῳ
944 4640 1110 4733 τάλαντον,
1131 4650 1180 4739 τῷ
1196 4648 1233 4716 δέ
1246 4648 1387 4739 δευτέρῳ
1410 4745 1412 4750 Ι

1197 4793 1200 4800 ⁴
1240 4773 1272 4822 11
