3617 5892
926 714 986 776 156

390 877 523 955 ἑαυτόν·
544 877 600 952 τόν
614 883 653 952 δέ
667 882 910 970 Καλλισθένην·
936 875 1134 971 «Φιλήμονι,
1152 905 1266 970 φονον,
1292 875 1423 948 ἔλαττον
1436 873 1516 964 ἔχων

390 981 537 1074 ἄπειμι.»
576 990 634 1058 clf.
652 1011 747 1076 ·quae
777 989 818 1054 de
847 987 1057 1066 Callisthene,
1093 976 1307 1075 προσκύνησιν
1336 998 1516 1053 constanter

390 1106 544 1183 negante,
568 1097 722 1184 leguntur
749 1094 836 1182 apud
860 1096 951 1162 Gurt.
979 1096 1067 1164 v111.
1088 1100 1121 1161 5.
1146 1098 1186 1160 13
1207 1116 1286 1182 sqq,
1310 1107 1342 1160 et
1363 1095 1515 1182 llroysen.

391 1203 509 1288 p·'.3⁵2
526 1224 577 1290 sq.
607 1204 646 1269 ln
671 1214 822 1288 excerpto
848 1201 1014 1267 Plutarchi
1038 1222 1069 1267 r.
1094 1204 1114 1265 l
1138 1221 1186 1288 sq.
1211 1199 1347 1266 delendo
1368 1199 1516 1266 ridentur

390 1309 486 1374 verha
506 1304 608 1390 ἐντῷ
627 1303 817 1390 συμποσίῳ,
840 1307 1042 1396 ιοιίιιηοηυοο
1058 1329 1096 1372 ex
1116 1306 1277 1392 prioribus
1299 1308 1444 1393 repetita.

924 1518 981 1583 xl.

433 1691 597 1760 Plutarch.
620 1692 644 1759 l.
667 1693 693 1758 l.
716 1692 780 1762 LV.
814 1684 1009 1758 Ἀποθανεῖν
1035 1681 1131 1756 oriris
1156 1684 1388 1776 (Καλλισθένη)
1409 1685 1515 1772 οἱμὲν
1568 1755 1570 1762 ,

389 1787 447 1866 ὑπ’
472 1786 683 1885 Ἀλεξάνδρου
707 1791 935 1885 κρεμασθέντα
955 1791 1111 1880 λέγουσα,
1133 1790 1167 1860 οἱ
1186 1784 1217 1860 δ’
1236 1789 1269 1859 ἐν
1289 1789 1408 1868 πέδαις
1430 1792 1515 1857 δεδε-

389 1897 484 1984 μένον
509 1898 562 1965 καὶ
590 1888 789 1987 νοσήσαντα·
816 1893 950 1987 Χάρης
978 1895 1029 1978 δέ,
1058 1887 1223 1984 μενέτην
1249 1886 1411 1984 σύλληψιν
1437 1888 1516 1962 introi

389 2004 492 2092 μῆνας
502 1991 731 2092 φυλάττεσθαι
740 1999 918 2086 δεδεμένα,
939 1991 986 2076 οἷς
999 1997 1032 2066 έν
1045 1999 1095 2084 τῷ
1105 1996 1262 2086 συνεδρίῳ
1276 1995 1420 2085 κριθείη,
1435 2021 1513 2086 παρ

391 2096 483 2180 ὄντος
505 2094 771 2194 Ἀριστοτέλους·
798 2102 831 2171 ἐν
857 2096 911 2180 αἶς
936 2094 967 2170 δ’
985 2095 1122 2191 ἡμέραις
1141 2093 1350 2189 Ἀλέξανδρος
1371 2097 1406 2167 έν
1424 2100 1509 2168 Μαλ-

391 2209 462 2286 lois
467 2199 671 2299 Ὀξυδράκαις
684 2197 830 2299 ἐτρώθη,
844 2206 925 2297 περὶ
938 2199 994 2294 τήν
1005 2200 1112 2275 Ἰνδίαν
1124 2197 1313 2286 ἀποθανεῖν,
1328 2197 1509 2294 ὑπέραυχα

296 2351 313 2374 s
390 2301 558 2398 γενόμενον
577 2311 632 2378 καὶ
652 2301 903 2402 φθειριάσαντα.

435 2417 532 2487 Varia
547 2418 771 2483 historicorum
787 2417 965 2482 testimonia
984 2416 1024 2482 de
1042 2417 1200 2503 supplicIo
1217 2413 1423 2482 Callisthenis
1436 2435 1512 2480 com-

391 2534 564 2590 memoratu
580 2524 685 2589 rideas
695 2524 736 2590 ad
751 2523 889 2592 Aristob.
906 2525 1033 2610 Fragm.
1046 2519 1185 2592 XXVIII
1196 2546 1226 2609 p.
1241 2525 1284 2587 94
1301 2544 1351 2609 sq.
1368 2519 1513 2587 Osinium

392 2641 429 2695 ut
450 2642 497 2695 est
517 2631 773 2709 accuratissima,
797 2631 841 2696 ita
857 2651 934 2720 'esse
960 2629 1085 2694 videtur
1103 2629 1261 2696 verissima
1277 2628 1359 2694 haec
1377 2627 1511 2696 Charetis

392 2737 542 2804 narratio.
561 2737 608 2804 cf.
632 2735 738 2804 Stshr.
758 2734 907 2802 Ανίιτοτ.
926 2736 941 2799 Ι
960 2757 993 2821 p.
1016 2738 1090 2804 129.
1113 2733 1258 2801 Eundem
1277 2755 1352 2798 vero
1368 2755 1432 2800 non
1447 2735 1511 2798 lau-

392 2841 533 2908 dandnm
563 2863 649 2922 esse,
675 2844 701 2905 si
721 2841 831 2908 Indiae
853 2843 941 2929 genti
957 2839 1103 2908 Μαλλῶν
1119 2829 1317 2927 Ὁξυδρᾶκων
1333 2862 1443 2906 nomon
1460 2841 1506 2900 in-

392 2946 528 3027 diderit,
556 2948 721 3036 colligitur
736 2971 774 3013 ex
794 2948 852 3029 iis,
875 2969 959 3037 quae
982 2945 1067 3012 dicte
1088 2944 1217 3011 suntad
1233 2946 1365 3014 Aristoh.
1382 2946 1506 3032 fragm.

391 3052 460 3118 XLI
480 3076 513 3138 p.
537 3056 612 3119 110.

918 3177 992 3243 XII.

437 3352 601 3420 Plutarch.
627 3350 666 3420 V
662 3355 704 3418 it.
727 3351 828 3418 Ρίιοο.
850 3353 956 3420 xv11.
971 3375 975 3382 ’
988 3351 1109 3442 Δοῦρις
1130 3351 1265 3440 εἴρηκεν,
1287 3343 1334 3426 οἷς
1346 3348 1446 3436 μέρος
1463 3368 1511 3436 ρε-

391 3448 523 3541 νδμενος
543 3448 791 3545 (Ἀλέξανδρος),
812 3455 867 3523 καλ
881 3453 1025 3545 Δαρείου
1040 3445 1215 3544 κρατήσας,
1238 3446 1357 3542 ἀφεῖλε
1369 3454 1434 3520 τῶν
1449 3450 1513 3519 ἐπι

393 3560 515 3626 στολῶν
534 3553 574 3627 τέ
594 3559 772 3650 Χαίρειν,
795 3552 879 3649 πλην
899 3557 932 3626 ἐν
953 3553 1047 3634 ὅσαις
1069 3553 1194 3647 ἔγραφε
1215 3556 1374 3626 Φωκίωνι.
1399 3557 1514 3624 Τοῦτον

392 3661 430 3728 δέ
446 3652 554 3746 μόνον,
569 3656 683 3752 ὥσπερ
698 3655 917 3751 Ἀντίπατρον,
933 3655 1016 3748 μετα
1030 3663 1091 3730 τοῦ
1105 3661 1271 3752 Χαίρειν
1284 3652 1514 3750 προσηγόρευε.

394 3764 500 3833 Τοῦτο
522 3763 560 3830 δέ
579 3765 634 3830 καλ
654 3756 792 3856 Χάρης
814 3756 973 3855 ἱστόρηκε.

435 3871 539 3937 Geelii
556 3871 626 3939 Viri
649 3870 733 3940 Glar.
753 3871 972 3956 conjecturam
992 3894 1050 3958 pro
1072 3863 1186 3960 ὥσπερ
1207 3863 1425 3959 Ἀντίπατρον
1449 3895 1516 3939 cor-

392 3978 523 4065 rigentis
541 3968 725 4065 ὡσπερανεὶ
744 3975 874 4063 πατέρα
893 3980 1052 4064 explicare
1070 3991 1102 4043 et
1119 3976 1373 4065 argumentando
1393 3979 1517 4046 munite

391 4085 514 4152 studuit
541 4083 627 4151 doct.
656 4104 715 4147 van
740 4085 825 4149 Genl
849 4084 968 4172 Epist.
995 4088 1074 4150 erit.
1097 4107 1129 4170 p.
1154 4087 1195 4150 10
1215 4105 1287 4172 sqq.
1321 4083 1400 4148 Mihi
1423 4083 1512 4168 hujus

391 4193 473 4271 loci,
506 4191 649 4278 quamvis
674 4189 831 4256 sordidius
856 4215 875 4256 a
904 4192 1077 4258 Plutarcho
1104 4192 1233 4279 scripti,
1266 4191 1395 4278 vulgata
1423 4189 1513 4256 lectio

391 4299 464 4363 satis
483 4310 551 4363 turn
567 4297 705 4384 intelligi
726 4308 795 4362 tum
814 4319 888 4363 vero
907 4297 1034 4364 delendi
1054 4321 1144 4384 posse
1159 4299 1303 4379 ridetur3
1328 4299 1377 4362 sin
1392 4300 1516 4375 minus,

391 4425 454 4467 non
469 4427 506 4469 ca
521 4403 667 4490 indigere
684 4403 860 4485 medicina,
880 4427 977 4494 qnam
995 4407 1024 4470 ei
1041 4404 1171 4472 Geelius
1190 4406 1405 4492 praescripsit.
1427 4389 1519 4488 Qu'od

316 4544 319 4548 ·
371 4507 565 4598 'utrumque
583 4511 758 4581 ostendam.

435 4614 577 4681 Primum
595 4618 695 4705 igitur
716 4639 880 4698 moneam,
905 4641 969 4684 non
989 4620 1088 4707 magis
1107 4641 1182 4684 cum
1201 4617 1322 4684 Duride
1339 4619 1433 4684 nobis
1455 4639 1519 4682 rem

396 4741 477 4801 esse,
497 4742 591 4806 quam
613 4746 686 4789 cnm
707 4725 898 4806 Plutarcho,
924 4727 987 4792 suis
1009 4727 1112 4792 verbis
1132 4729 1307 4806 referente,
1328 4745 1413 4811 quae
1434 4723 1517 4810 apud
