3617 5892
921 835 926 845 ί
946 751 1007 814 roa

412 924 536 1009 Frrgm.
560 919 710 1009 xxm).
743 922 822 987 Nam
850 920 896 987 ibi
913 922 1033 1009 pariter
1053 907 1225 1003 Ἱππάσιον
1250 902 1487 1007 expellendum
1505 936 1540 987 ert

410 1026 625 1117 codicemque
647 1016 1009 1115 lldnrotcorrigendum
1019 1019 1204 1102 Ἀσπάσιοι.
1228 1026 1374 1092 Tandem
1391 1040 1435 1093 nt
1449 1050 1540 1093 emen·

411 1133 533 1199 dationi
563 1144 693 1217 nostrae
721 1133 867 1199 cumulus
894 1133 1047 1214 accedat,
1075 1132 1209 1199 otiosam
1233 1154 1388 1221 expungo
1410 1136 1540 1201 rnenlan

409 1234 477 1316 καλ,
501 1249 537 1304 ut
558 1239 674 1327 legas:
704 1226 898 1325 ὡρμηκότων
918 1236 977 1320 μὲν
1004 1276 1045 1287 -—
1068 1227 1380 1322 Παροπαμισάδων,
1412 1232 1542 1322 persidi

411 1334 536 1425 δυσμάς
566 1332 741 1431 Πληϊάδων
765 1337 1005 1429 διατρίψαντων
1026 1365 1054 1405 κ.
1076 1337 1156 1403 ml.
1185 1343 1288 1407 Aliter
1307 1342 1424 1407 locum
1453 1355 1539 1408 tenta·

412 1461 477 1513 tum
507 1448 581 1535 lego
606 1470 623 1511 a
645 1444 825 1511 lluetzellio
851 1444 891 1511 ad
910 1449 999 1514 Curt.
1028 1469 1059 1531 p.
1081 1448 1167 1526 798,
1191 1449 1268 1534 qui,
1288 1469 1351 1533 pro
1369 1438 1539 1513 Ἶππαοίυν

409 1577 448 1621 ex
468 1540 596 1622 Arrian.
616 1554 672 1623 Vl.
693 1554 746 1618 16.
764 1554 798 1631 3,
815 1565 937 1619 serrato
955 1553 1213 1634 anachronismo,
1233 1543 1373 1635 Σάμβου
1393 1574 1537 1619 commen-

409 1660 506 1741 dans,
527 1659 674 1726 voculam
694 1653 732 1721 dd
754 1668 825 1743 post
843 1647 927 1741 perci
947 1659 1046 1738 tollit,
1070 1670 1102 1724 et
1119 1651 1245 1742 δυσμάς
1260 1648 1534 1745 Illp‘t'ddwrintel·

413 1768 488 1855 ligit
507 1765 547 1831 de
567 1786 682 1831 occasu
693 1762 861 1829 Pleiadum
875 1768 1082 1851 vespertino,
1101 1764 1230 1830 circiter
1244 1785 1288 1829 tn.
1308 1763 1429 1849 Aprili.
1452 1765 1534 1840 Sane,

411 1884 448 1938 ut
476 1894 571 1959 supra
596 1871 784 1948 monebam,
806 1858 972 1957 ἐξήκοντος
990 1869 1051 1935 τοῦ
1073 1857 1154 1957 ἦρος
1177 1868 1362 1935 Alexander
1390 1871 1424 1934 in
1448 1870 1530 1934 lndns

411 1980 545 2045 movisse
562 1977 716 2055 traditur;
738 1975 794 2041 sed
814 1975 864 2039 rel
886 1976 932 2041 sic
951 1986 1057 2041 tamen
1076 1977 1159 2041 riam
1180 2000 1200 2042 a
1218 1977 1406 2041 lluetaellio
1424 1975 1532 2040 indica·

412 2096 477 2149 tam
497 2096 534 2149 ut
553 2084 634 2149 inire
654 2083 751 2147 liceat
767 2080 941 2147 admodum
961 2103 1083 2148 vereor.
1116 2083 1184 2147 lrno
1206 2084 1420 2147 matutinam
1435 2082 1528 2145 Pleia-

412 2188 490 2254 dum
518 2175 668 2255 occatum
696 2188 736 2252 ab
767 2186 952 2252 Aristobulo
979 2186 1159 2274 designari,
1188 2190 1386 2275 argumentis
1411 2211 1442 2251 er
1465 2186 1527 2270 ipso

410 2296 590 2382 fragmento
615 2294 722 2380 petitis
744 2292 914 2379 probatum
933 2293 1001 2360 ibo.
1032 2295 1142 2358 Totius
1164 2297 1238 2359 anni
1255 2296 1339 2359 aeris
1361 2292 1529 2379 temperiem

336 2460 338 2469 .
411 2399 768 2486 descripturus,ineipit
779 2397 980 2464 Aristobnlus
991 2400 1031 2466 ab
1041 2422 1156 2465 occasu
1166 2401 1344 2481 Pleiadum,
1356 2400 1527 2466 subditmor

409 2528 473 2569 non
485 2518 654 2585 aestatem,
675 2505 796 2591 quaesi
813 2508 1046 2591 vespertinum
1057 2526 1204 2572 occasum
1217 2509 1385 2593 cogitasset
1395 2506 1528 2588 deinceps

409 2612 611 2679 memoranda
618 2613 731 2677 fuisset
741 2662 749 2691 ,
759 2610 813 2675 sed
824 2610 961 2677 hiemem
972 2660 981 2691 ‚
994 2613 1100 2676 statim
1111 2614 1264 2678 transiens
1275 2613 1315 2678 ad
1327 2635 1453 2678 vernum
1464 2623 1541 2675 tene¹

370 2780 374 2787 .
407 2740 467 2805 pus
475 2710 542 2806 qu'o
551 2720 584 2783 in
596 2718 779 2783 Tarilorum
791 2718 921 2801 regione
929 2716 1114 2783 Macedones
1126 2720 1209 2804 passi
1218 2741 1287 2784 esse
1297 2720 1409 2805 primas
1419 2718 1530 2803 pluries

407 2824 560 2891 dicuntur
583 2824 720 2913 (Fragm.
750 2820 881 2907 XXX.)‚
907 2845 964 2908 per
997 2834 1148 2889 aestatem
1170 2838 1202 2890 et
1222 2831 1357 2891 maxime
1377 2826 1443 2895 τοῖς
1462 2817 1529 2904 ἐνη-

408 2928 492 3003 σλανς
514 2932 699 3007 continuas,
721 2928 824 2993 donec
841 2920 1060 3001 iniectiones·
1088 2918 1292 3017 Ἀρκτούρου
1309 2934 1454 2995 cessarent
1467 2924 1527 2987 im-

407 3034 491 3101 bres.
526 3035 580 3099 Sic
607 3035 710 3099 omnia
737 3032 850 3097 ordine
878 3031 1072 3115 procedunt.
1107 3035 1243 3101 Accedit
1270 3036 1371 3124 quod,
1390 3031 1528 3098 silluet-

407 3139 493 3203 eellii
521 3140 820 3223 interpretationem
857 3137 1102 3221 amplectimur,
1137 3141 1341 3216 Aristobulns
1368 3143 1400 3206 in
1428 3134 1528 3201 eadem

405 3244 622 3331 descriptione
643 3255 818 3330 utrumque
847 3243 1014 3309 Pleiadum
1047 3268 1195 3313 occasum
1214 3250 1394 3334 promiscue
1417 3242 1525 3309 indica·

405 3352 515 3417 verit:
540 3371 616 3417 nam
637 3372 722 3439 quae
744 3350 826 3415 infra
853 3351 1034 3437 leguntur:
1059 3351 1151 3417 πλεῖν
1178 3344 1380 3440 ἀρξαμένους
1401 3338 1461 3437 πρά
1480 3337 1530 3413 dd·

407 3474 491 3532 σεως
512 3446 695 3545 Πληϊάδας,
719 3456 759 3521 de
776 3444 932 3523 matutina
954 3446 1046 3521 dioec
1064 3480 1158 3522 nemo
1180 3480 1243 3523 non
1261 3458 1411 3543 accipiet.

449 3564 518 3629 Jam
538 3564 609 3627 loco
638 3564 760 3628 mendis
788 3574 942 3650 purgato,
967 3563 1007 3628 de
1037 3564 1241 3652 navigatione
1269 3563 1394 3651 aliquid
1419 3560 1530 3626 ridetur

326 3658 331 3667 ’
403 3668 610 3735 monendum.
645 3671 749 3735 Terris
772 3671 921 3735 omnibus
948 3692 1053 3757 usqne
1082 3670 1124 3736 ad
1149 3670 1314 3757 Hyphasin
1335 3672 1412 3735 Pori
1433 3666 1530 3733 ditioni

401 3766 554 3855 adjectisl,
581 3774 761 3840 Alexander
788 3775 829 3841 ad
856 3774 1051 3863 Hydruntem
1082 3789 1181 3865 atque
1205 3776 1282 3843 hinc
1313 3776 1354 3841 ad
1376 3776 1530 3843 Acesinen

405 3900 570 3957 reversus,
606 3879 667 3944 hoc
698 3882 795 3947 fluvio
827 3882 982 3967 trajecto,
1012 3884 1130 3951 iterum
1160 3884 1247 3948 venit
1270 3865 1311 3948 ad
1343 3884 1527 3971 Hydaspem.
1585 3944 1590 3957 ,

403 3985 688 4052 suctoreArriano
708 3987 749 4055 V.
770 3991 827 4057 29.
852 3991 956 4068 2-53
980 3988 1069 4075 quod
1088 3990 1176 4055 idem
1200 3990 1408 4056 Aristobulns
1434 3983 1529 4075 paucis

411 4092 588 4177 eomplenns
615 4111 624 4155 t
655 4079 817 4177 Νινεὴσασι
842 4080 899 4159 τὸν
925 4093 1062 4179 Πῶρον,
1085 4098 1209 4182 inquit,
1235 4083 1313 4166 ὁδός
1341 4081 1379 4179 ἦν
1407 4091 1465 4159 ἐπὶ
1486 4080 1532 4154 τάν

410 4202 527 4263 Υπανιν
551 4186 700 4285 (Ὕφασιν
721 4196 874 4269 Arrianus
895 4194 1001 4276 vocat)
1027 4193 1115 4287 πρὸς
1140 4200 1199 4281 ἕω,
1227 4188 1379 4284 adedere
1403 4194 1464 4263 Art
1487 4183 1533 4257 κάν

404 4291 554 4391 Ιλδάοντην
582 4290 689 4369 πάλιν.
722 4304 850 4369 Interea
877 4307 977 4370 classe
1006 4306 1221 4392 complurium
1244 4302 1388 4389 variique
1417 4298 1532 4390 generis

401 4415 527 4481 narium
544 4416 585 4481 ad
603 4416 804 4485 hoc'llumen
824 4388 1005 4498 exstructa:
1026 4409 1242 4507 Ἀλέξανδρος
1264 4411 1342 4503 ἔγνω
1365 4411 1534 4482 καταπλεῖν

400 4518 480 4589 κατά
500 4522 557 4595 τόν
579 4520 737 4620 Ὑδάσπην
757 4524 804 4607 οἷς
830 4529 888 4598 ἐπὶ
907 4524 965 4618 νῆν
984 4522 1123 4619 μεγάλην
1143 4521 1332 4608 θάλασσαν,
1353 4540 1391 4593 ut
1415 4530 1463 4593 ait
1479 4526 1534 4592 Ar·

397 4638 478 4705 rian-
496 4628 562 4709 vt.
590 4650 620 4710 1.
648 4647 678 4713 1.
716 4646 824 4733 Atque
851 4645 905 4711 lric
935 4656 983 4711 est
1011 4631 1198 4716 κατάπλους
1223 4654 1332 4709 nostro
1360 4645 1533 4731 fragmento

387 4743 515 4833 ,dotum
540 4768 653 4840 quem,
674 4752 836 4819 sacrificiis
862 4753 930 4819 lliis
956 4751 1119 4838 fluvioque
1144 4749 1286 4836 Hydaspi
1306 4750 1367 4818 rite
1386 4748 1531 4840 peractis,
