3617 5892
808 656 870 718 169

811 772 817 787 ,
930 731 934 765 t
1182 751 1187 782 ι

277 836 377 898 tinere
399 840 510 916 putat,
534 826 691 892 omittere.
715 827 802 910 Quid
825 832 925 918 igitur
945 831 1079 907 mirum,
1103 831 1144 910 si,
1163 829 1266 894 verbis
1284 821 1397 917 ὥσπερ
1469 889 1471 894 ,

276 928 491 1021 Ἀντίπατρον
518 933 690 1020 neglectis,
717 934 887 1015 Aelianus,
916 936 973 1000 uui
1001 934 1152 1003 Phocioni
1172 935 1305 1022 ejusque
1324 955 1399 1000 cum
1473 983 1476 988 .

274 1040 454 1107 Alexandro
480 1039 704 1106 consuetudini
732 1040 754 1108 l.
778 1041 802 1108 l.
822 1043 992 1108 intentus:
1018 1034 1246 1129 Ἀλέξανδρος,
1269 1040 1396 1127 iuquit,

276 1138 498 1223 ὁΦιίίππον,
518 1182 558 1194 -
580 1140 728 1209 Φωκίωνι
754 1135 860 1230 μόνῳ,
887 1144 990 1235 φασί,
1019 1145 1068 1228 τῷ
1093 1135 1278 1232 Ἀθηναίων
1302 1163 1399 1232 στρα-

274 1247 377 1336 apyri,
395 1236 542 1335 γράφων,
563 1243 760 1333 προσετίθει
778 1241 817 1314 ro*
838 1248 983 1338 Χαίρειν.
1024 1249 1089 1314 Nec
1108 1249 1208 1336 magis
1231 1248 1399 1336 persuadet
1464 1315 1466 1330 ,

275 1354 360 1421 doct.
384 1373 413 1417 ν.
430 1353 535 1430 (lent,
560 1352 616 1416 ubi
636 1350 676 1416 ad
695 1351 798 1418 Geolii
821 1365 853 1418 ct
877 1375 965 1420 suam
985 1355 1173 1420 seutentiam
1194 1354 1345 1420 tuendam
1365 1357 1399 1420 in

276 1459 391 1525 ceteris
408 1458 531 1523 Aeliani
548 1457 651 1522 verbis
667 1457 798 1545 aliquod
815 1460 1008 1546 praesidium
1023 1461 1159 1548 positum
1177 1472 1295 1530 censet.
1320 1462 1398 1527 ilem

275 1587 358 1651 quae
380 1563 645 1650 subjunguntur:
670 1555 775 1638 οὕτως
794 1556 861 1652 ἄρα
881 1556 994 1652 ᾑρήκει
1011 1556 1067 1632 adr
1088 1555 1264 1632 Μακεδόνα
1286 1559 1306 1632 ὁ
1326 1572 1422 1632 disca*

274 1668 360 1750 κίων,
383 1670 422 1735 iis
441 1691 518 1734 num
536 1669 685 1762 Aelianus
705 1690 778 1734 vera
797 1672 987 1754 expresserit
1008 1669 1170 1736 Plutarchi
1190 1670 1311 1736 rerba:
1336 1664 1401 1733 rio-

275 1771 409 1859 περανεί
431 1771 571 1863 πατέρα,
602 1775 683 1840 adeo
709 1774 848 1841 dubitari
871 1798 963 1862 posse
989 1796 1077 1856 reor,
1102 1787 1139 1840 ut
1156 1776 1206 1841 illi
1226 1777 1297 1842 loco
1320 1775 1399 1840 nihil

274 1876 361 1942 aliud
383 1882 484 1945 inesse
502 1880 643 1961 rideam,
668 1883 728 1948 nisi
747 1883 792 1946 rei
811 1884 918 1948 statim
939 1895 1013 1948 aute
1030 1895 1175 1948 narratae
1193 1883 1281 1948 velut
1303 1883 1401 1968 expli·

275 1987 451 2066 catiouem,
474 1988 650 2073 proiectam
671 2011 707 2054 ex
727 1987 840 2054 codem
858 1977 1081 2075 Epiiomaturis
1102 2011 1208 2076 penu,
1231 1989 1400 2056 cuiinsul-

274 2113 321 2158 sas
338 2093 431 2172 istas,
454 2114 540 2180 quae
557 2106 629 2180 post
646 2095 742 2160 rerba
763 2083 1017 2220 '‘Aldgoodpoc
994 2116 1017 2160 o
1041 2092 1211 2162 outone
1224 2097 1399 2182 leguntur,

273 2205 427 2273 dehemus
444 2207 597 2273 facetias:
622 2205 653 2276 el
670 2207 709 2276 dd
728 2229 776 2293 τῳ
795 2207 898 2286 δοκεῖ,
918 2195 1012 2274 ὁταν
997 2193 1121 2314 Διός·
1142 2197 1272 2289 ἐμοί
1231 2229 1292 2314 γαρ
1310 2198 1403 2272 οὐδὲν

274 2318 441 2408 διαφέρει
953 2343 958 2356 ·

319 2435 381 2500 Sed
397 2435 554 2501 tortame
541 2457 609 2518 Jam
625 2435 739 2512 latius,
759 2454 855 2521 quam
868 2443 1068 2518 oportuerat„
1083 2451 1153 2500 sum
1164 2434 1196 2497 in
1209 2431 1271 2498 hoo
1288 2454 1401 2520 campo

275 2543 478 2626 exspatiatus.
513 2541 619 2607 Pauca
643 2552 748 2606 tamen
778 2538 893 2604 addam
922 2538 961 2602 de
986 2538 1054 2625 ipsa
1085 2539 1189 2605 Geelii
1216 2537 1401 2622 conjectura

275 2637 460 2734 ὡσπερανεὶ
481 2645 624 2736 πατέρα,
654 2669 750 2735 quam
770 2643 901 2734 quidem
922 2647 1016 2710 ctiam
1028 2641 1093 2732 'qui
1111 2666 1172 2708 nou
1191 2648 1399 2712 necessariam

274 2752 408 2831 habeat,
432 2753 536 2837 primo
561 2753 678 2821 obtutu
699 2774 853 2841 perquam
873 2752 1048 2838 speciosam
1070 2750 1170 2816 rideri
1194 2750 1279 2818 haud
1303 2775 1402 2840 nega·

275 2857 372 2936 verit,
397 2857 493 2925 modo
510 2881 551 2925 ne
570 2859 758 2946 scrupulum
772 2857 895 2943 injiciat
915 2857 1084 2922 insolentia
1102 2858 1250 2923 vocabuli
1271 2845 1402 2945 αἷσπερ-

274 2962 359 3042 ανεί,
386 2963 559 3029 Plutarcho
590 2987 749 3052 nusquam
779 2965 933 3050 usurpati.
975 2962 1069 3048 Quod
1097 2986 1172 3028 vero
1198 2975 1271 3030 ante
1296 2961 1401 3028 omnia
1489 2999 1494 3019 =

275 3070 336 3133 hoc
359 3069 431 3133 loco
452 3069 487 3133 in
501 3091 631 3135 censum
645 3072 749 3151 venit,
774 3072 800 3134 si
814 3067 1031 3164 Alexandrum
1047 3055 1401 3143 concedimusPhocio·

275 3176 353 3239 nem'
366 3172 446 3239 adeo
465 3197 531 3240 esse
554 3176 744 3266 reveritum,
769 3185 805 3240 ut
826 3175 987 3249 hunc,ille
1009 3188 1174 3263 tunquam
1189 3189 1329 3261 putrem
1347 3197 1401 3240 co-

275 3283 371 3346 leret·
363 3280 550 3371 ,ecquod
540 3303 642 3346 inesse
660 3293 765 3367 potest
782 3281 818 3345 in
836 3277 973 3345 formula
988 3303 1047 3345 του
1032 3279 1197 3368 Χαίρειν
1210 3279 1400 3360 Alexandri,

275 3389 364 3453 velut
380 3387 508 3467 lilii,1n
523 3387 737 3465 Phocionem,
756 3386 844 3451 velut
861 3397 1001 3492 patrem,
1019 3386 1213 3451 reverentiae
1231 3408 1401 3473 argumen-

275 3508 362 3575 tum,
382 3495 451 3560 crta
463 3493 613 3581 quidem
636 3505 673 3558 ut
684 3492 724 3559 ad
739 3491 845 3571 hunc
869 3504 1021 3579 tanquam
1032 3491 1072 3558 ad
1083 3502 1224 3577 patrem
1241 3489 1400 3571 scribens,

254 3593 312 3663 ’τό
331 3597 467 3687 Χαίρειν
485 3601 630 3665 omittere
647 3601 736 3687 quasi
753 3620 816 3663 non
830 3599 929 3668 fuerit
940 3620 1037 3666 ausus
1048 3619 1065 3662 ν
1088 3597 1128 3686 (r.
1146 3598 1231 3665 cht
1251 3621 1283 3684 p.
1308 3601 1346 3663 12
1350 3596 1401 3686 .)l

277 3704 353 3767 llam
378 3705 545 3772 decantata
569 3707 631 3773 tuit
653 3706 742 3771 illa
733 3728 766 3773 sn
790 3704 937 3792 Epistolis
962 3704 1119 3785 formula,
1149 3704 1232 3769 inter
1238 3727 1345 3804 pares
1370 3715 1409 3794 et*

274 3810 411 3890 amicos,
435 3833 495 3877 nec
514 3834 588 3877 vero
608 3814 692 3880 inter
709 3822 820 3906 patres
834 3822 960 3904 tantum
979 3821 1010 3878 et
1028 3810 1109 3878 filins
1123 3794 1288 3904 adhiberi
1297 3811 1400 3902 solita.

273 3915 372 3999 Quod
390 3901 492 4004 quum
508 3919 552 3983 ita
571 3921 629 3999 sit,
653 3918 755 3986 Geelii
781 3917 987 4002 conjectura,
1008 3913 1033 3982 si
1052 3919 1239 4010 sententiam
1260 3928 1399 4012 spectas,

260 4011 339 4089 'tam
362 4046 474 4114 parum
505 4005 763 4122 commendatur,
796 4036 852 4104 ut,
883 4026 910 4091 si
930 4046 998 4145 qua
1020 3987 1238 4116 emendatione
1259 4021 1404 4116 indigeat

278 4130 404 4218 vulgata
423 4132 538 4211 lectio,
561 4133 594 4197 in
620 4132 681 4197 alia
704 4118 807 4197 omnia
827 4153 924 4219 quam
945 4133 978 4195 in
996 4133 1066 4200 Viri
1086 4107 1192 4198 Colch.
1213 4141 1339 4224 partes
1339 4129 1400 4226 ah-

275 4237 417 4302 cundum
439 4258 507 4300 csse
526 4237 727 4304 crediderim.

319 4317 469 4422 interim,
494 4345 637 4430 quamvis
664 4343 743 4409 dicti
763 4325 825 4408 toci
845 4345 1020 4429 scriptura,
1046 4343 1149 4430 qualis
1168 4341 1274 4406 adhuc
1298 4343 1399 4406 omni-

276 4451 336 4513 hus
352 4449 491 4516 inlibris
507 4450 638 4537 legitur,
652 4451 826 4520 sententiae
842 4451 966 4515 ratione
982 4449 1107 4527 habita,
1126 4445 1256 4512 delendi
1272 4445 1399 4514 omnino

275 4577 367 4640 posse
379 4556 546 4647 ¹ridentur,
571 4558 685 4622 lubens
702 4567 808 4621 tamen
825 4553 1051 4634 concesserim,
1069 4550 1102 4618 id
1121 4553 1210 4642 quod
1227 4571 1321 4640 supra
1332 4555 1399 4640 jam

275 4661 512 4743 sifinilicabam‚
535 4666 635 4750 ipsam
662 4663 836 4727 orationem
864 4659 1029 4726 Plutarchi
1057 4661 1089 4724 in
1112 4681 1227 4746 magno
1247 4661 1400 4747 languore
