3617 5892
920 754 962 819 ³8

378 950 475 1051 ριρον
497 922 555 1013 ξὺν
577 923 619 1013 τῇ
645 920 793 1047 οτρατιηλ,
826 922 1062 1015 πεπραγμένων
1087 923 1186 1015 σφίσι
1211 912 1454 1045 ξυμπάντων,
1440 912 1511 991 άοα

376 1025 446 1101 ὑπὺ
466 1056 525 1101 του
511 1017 744 1115 βασιλέως’
726 1015 883 1094 ετὲτακτο.
914 1016 1039 1116 Ταὺτην
1058 1026 1117 1111 μίν
1137 1021 1177 1117 δη
1197 1020 1254 1118 τὴν
1273 1016 1420 1107 πάλιν,“
1401 1047 1453 1091 οτι
1473 1022 1512 1091 ἐν

378 1134 535 1254 ἐπικαίρῳ
565 1130 675 1220 χωρίῳ
706 1120 810 1196 ἐδόκει
841 1120 999 1253 ρῖκίσθαι,
1032 1128 1205 1216 ἐπιτειχίσαι
1234 1152 1272 1195 τε
1302 1118 1512 1250 προστάσσει

327 1244 328 1249 ’
378 1228 537 1326 Κρατέρῳ
563 1233 617 1302 καὶ
643 1229 863 1313 ξυνοικίσαι’
845 1253 878 1307 ες
891 1224 1003 1352 αητην
1029 1223 1108 1309 τοὺς
1135 1257 1172 1300 τε
1185 1222 1409 1323 προσχώρους
1429 1222 1513 1297 ὅσοι

377 1337 558 1458 ἐθελρνταί,
585 1336 639 1401 καὶ
665 1332 695 1401 ἐἰ
717 1324 756 1423 33
776 1356 859 1409 τινες
880 1321 1046 1419 άπὺμαχάι
1065 1336 1125 1425 τῆς
1153 1335 1321 1425 στρατιάς
1348 1325 1446 1408 αὑτάς
1468 1330 1512 1399 33

378 1432 579 1562 πρρὺχιὺρει,
601 1436 653 1505 ἵνα
673 1428 934 1526 ξυμπεφευγέναι
962 1431 1160 1507 ἐπυνθάνετο
1180 1432 1259 1515 τοὺς
1279 1430 1421 1513 πολλοὺς
1441 1461 1512 1503 των

377 1568 477 1632 ταυιη
500 1532 683 1631 βαρβάρων.
705 1532 880 1609 Ἐλθων
843 1539 880 1608 3
893 1564 984 1631 προς
995 1565 1027 1609 τι
1042 1534 1136 1632 ὄρος,
1152 1530 1511 1633 κατεστρατοπέδευσεν

377 1640 444 1717 ὑπὺ
464 1652 537 1723 ταῖς
557 1641 736 1735 ὑπωρείαις
756 1644 815 1710 τοῦ
836 1634 945 1733 ὄρους.

419 1749 516 1820 Κωὶ’
500 1775 532 1817 εν
546 1738 650 1835 τοὺτῳ
671 1739 962 1832 Πτολεμαῖος
942 1771 960 1815 ο
980 1738 1132 1834 Λάγου,
1149 1746 1355 1837 ἐκπεμφθεὶς
1367 1744 1426 1830 μὲν
1438 1738 1509 1813 ὑπὺ

376 1844 586 1941 Ἀλεξάνδρου
608 1848 641 1927 ἐς
662 1844 836 1940 προνομην,
858 1845 1035 1938 προελθών
1055 1850 1093 1918 33
1112 1841 1315 1939 προσωτέρω
1332 1842 1430 1925 αὑτάς
1449 1842 1510 1929 ξὺκ

377 1948 499 2041 ὀλίγοις
520 1947 565 2030 39
586 1951 619 2029 39
639 1945 850 2041 κατασκοπὴν,
874 1944 1068 2077 ἀπαγγέλλει
1088 1945 1287 2042 Ἀλεξάνδρῳ
1308 1944 1400 2040 πυρά
1419 1974 1510 2018 κατι-

378 2059 445 2124 δεῖν
465 2081 526 2122 των
547 2046 722 2145 βαρβάρων
743 2048 919 2121 πλείονα”
896 2082 921 2174 η
928 2054 970 2121 ἐν
986 2080 1034 2142 τῳ
1021 2046 1269 2175 Ἀλεξάνδρρυ
1282 2044 1508 2145 στρατοπέδῳ.

377 2158 444 2227 Καὶ
470 2149 686 2305 Ἀλέξανδρρς
708 2181 755 2243 τιγ
777 2154 836 2243 μὲν
856 2148 981 2247 πλήθει
1000 2158 1065 2224 τῶν
1085 2158 1200 2248 πυρῶν
1219 2148 1457 2247 ἠπίστησεν,
1427 2179 1509 2223 ειναι

379 2257 418 2329 33
436 2287 468 2330 τι
488 2255 677 2352 ξυνεστηκὸς
697 2260 762 2327 τῶν
784 2252 885 2349 ταὺτη
911 2251 1088 2349 βαρβάρου
1103 2253 1316 2347 αἰσθόμενος,
1330 2249 1433 2385 μέρος
1449 2256 1508 2343 μὲν

378 2364 436 2454 τῆς
456 2364 609 2454 στρατιάς
630 2356 729 2482 αὑτρυ
715 2362 939 2430 καταλείπει
957 2384 1043 2482 πρρς
1062 2386 1109 2448 τῳ
1132 2355 1204 2453 ὄρει
1221 2359 1267 2440 39
1288 2355 1423 2485 εἶχον’
1392 2383 1509 2453 εστρα-

378 2459 649 2553 τοπεδευμένους·
666 2458 765 2542 αὑτάς
780 2464 817 2533 33
826 2458 1022 2549 άναλαβων“
1002 2485 1076 2532 οσοι
1091 2459 1299 2556 ἀποχρῶντες
1308 2461 1343 2542 39
1353 2461 1394 2532 τά
1404 2457 1510 2555 ὑπηγ-

319 2554 330 2575 ”
378 2558 514 2656 γελμὲνα
534 2567 719 2661 ἐφαίνοντο,
743 2560 789 2646 (ὑς
808 2568 948 2659 πλησίον
968 2560 1074 2659 333²
1052 2565 1212 2688 αφεώρων
1232 2562 1274 2636 τά
1292 2561 1397 2658 πυρά,
1413 2568 1510 2687 τριχῆ

379 2663 521 2757 διανέμει
540 2666 596 2761 τήν
612 2664 773 2765 στρατιάν.
795 2672 862 2740 Καὶ
882 2671 932 2758 τῷ
952 2671 1010 2755 μὲν
1032 2671 1079 2739 ενί
1099 2662 1237 2753 ἐπάταξε
1256 2663 1437 2767 Λεοννάτον
1452 2664 1508 2739 τάν

380 2764 675 2894 σρνματοφὺλακα,
685 2768 841 2857 ξυντάξας
866 2767 957 2861 αὑτῷ
976 2770 1033 2866 την
1051 2799 1089 2842 τε
1109 2768 1270 2845 Ἀττάλου
1290 2774 1346 2842 καὶ
1364 2770 1421 2863 τήν
1439 2783 1508 2843 Βα·

277 2864 279 2869 ’
377 2866 497 2966 λάκρου
516 2868 619 2956 τάξιν·
636 2876 693 2966 τήν
707 2870 862 2993 δερτέραν
876 2877 914 2945 33
923 2883 1044 2995 μοῖραν
1057 2878 1292 2997 Πτολεμαίρν
1306 2902 1357 2965 τῳ
1343 2868 1507 2996 Λάγον

378 2968 465 3065 άχειν
485 2973 598 3058 ἔδωκε,
614 2980 677 3044 τῶν
690 3002 727 3045 τε
740 2999 955 3047 υπασπιστων
964 3005 1029 3046 των
1045 2981 1218 3064 βασιλαιιὺν
1234 3006 1272 3048 το
1263 2971 1441 3070 τρίτον’
1402 3003 1517 3069 μεροςι

377 3072 512 3167 κοίτην
539 3079 707 3148 Φιλίππου
732 3082 786 3148 καί
816 3072 947 3149 Φιλώτα
976 3073 1066 3163 τάξιν
1091 3082 1145 3150 καί
1165 3075 1224 3151 330
1244 3082 1424 3209 χιλιαρχίας
1441 3085 1509 3151 τοῖν

377 3180 519 3261 τοξοτων
546 3180 600 3248 καὶ
628 3176 706 3258 τοὺς
733 3175 925 3307 Ἀγριᾶνας
935 3183 989 3251 καί
1016 3185 1081 3252 τῶν
1108 3181 1237 3253 ἱππίων
1254 3178 1331 3261 τοὺς
1350 3178 1506 3275 ἡμίσεας·

377 3276 433 3373 την
453 3281 490 3349 33
508 3283 618 3373 τρίτην
636 3290 753 3376 μοῖραν
778 3280 875 3364 αὑτάς
900 3276 985 3375 ἦγεν,
1006 3286 1059 3355 ἵνα
1078 3287 1280 3356 οἱπλεῖστοι
1297 3289 1362 3355 τῶν
1380 3280 1507 3378 βαρβά-

377 3410 444 3477 ρων
469 3383 649 3475 ἐφαίνοντο.
685 3386 726 3459 Οἱ
746 3388 798 3471 33,
820 3385 866 3467 ιὺς
885 3382 1032 3508 ᾔσθοντο
1054 3381 1279 3508 προσάγοντας
1297 3385 1376 3468 τοὺς
1393 3400 1509 3461 Mm-

377 3478 473 3565 δόνως
502 3488 660 3575 (κατεῖχον
688 3484 750 3612 γάρ
779 3490 885 3581 χωρία
911 3481 1100 3583 ὑπερδεξια)
1129 3494 1178 3579 τῷ
1204 3518 1241 3561 τε
1268 3486 1392 3585 πλήθει
1411 3496 1508 3585 σφιὺν

376 3584 598 3711 θαρσησαντες
623 3594 677 3660 καί
699 3619 765 3661 των
784 3585 1032 3675 Μακεδόνων,“
1011 3620 1063 3663 οτι
1082 3588 1185 3682 ὀλίγον
1203 3591 1390 3689 ἐφαίνοντο,
1409 3622 1507 3665 κατα.

377 3686 611 3813 φρονὴσριντες,
642 3693 676 3772 ἐς
702 3690 742 3764 τὺ
771 3694 886 3765 πεδίον
910 3688 1170 3818 ὑποκατέβησαν
1190 3690 1307 3765 κάλ’
1263 3725 1350 3820 μαχη
1368 3700 1508 3787 γίγνεται

376 3786 526 3886 καρτερά
557 3789 661 3864 Ἀλλά
678 3789 815 3876 τούτους
842 3798 901 3883 μὲν
928 3824 968 3868 ου
960 3794 1044 3881 ξὺν
1062 3792 1154 3888 πόνῳ
1174 3801 1260 3870 ἐνίκα
1278 3794 1505 3894 Ἀλέξανδρος·

377 3898 409 3967 03
439 3898 476 3965 33
501 3888 593 4017 ρῖμφί
621 3901 868 3985 Πτολεμαῖον
904 3894 961 3970 οὑκ
989 3901 1023 3969 ἐν
1049 3904 1098 3989 τῷ
1127 3899 1241 3991 ὁμοίῳ
1264 3897 1506 3996 παρετάξαντο,

296 4065 299 4073 ,
377 3992 457 4071 ἄλλά
471 3989 629 4091 γήλοφον
653 3998 713 4094 γάρ
733 4012 879 4089 κατεῖχον
900 4028 933 4073 οι
923 3995 1134 4127 βάρβαροι,
1156 4000 1295 4098 ὀρθίους
1313 4000 1507 4099 ποιήσαντες

375 4100 453 4179 τοὺς
472 4095 599 4229 λόχους.
626 4106 875 4190 Πτολεμαῖος
894 4108 1057 4197 προσῆγεν
1076 4100 1162 4201 ᾗπερ
1183 4102 1426 4195 ἐιαμαχώτατον
1445 4110 1507 4179 τοὺ

375 4197 532 4297 λόγον’
515 4206 683 4296 εφαίνετο,
719 4200 806 4275 οὑ
796 4200 899 4298 πάντη
928 4202 984 4277 τόν
1012 4202 1118 4330 λάφον
1144 4205 1405 4299 κυκλωσάμενος,
1436 4205 1506 4279 άλλ

375 4301 553 4395 ὑπολιπών,
585 4308 616 4377 εἰ
635 4300 766 4401 φεύγειν
786 4302 984 4379 ἐθέλοιεν
952 4335 985 4379 οι
1002 4304 1187 4405 βάρβαροι,
1207 4308 1317 4437 χώραν
1338 4310 1450 4391 αὑτοῖς
1470 4316 1504 4392 ἐς

301 4487 306 4497 ὁ
374 4436 429 4528 την
449 4406 805 4539 φυγήν.1(ιιί’γιχνεται
823 4414 878 4481 καὶ
896 4438 1025 4537 τορτοις
1025 4407 1130 4538 μάχη
1151 4414 1302 4542 καρτερά
1310 4418 1505 4509 τοῦχωρίου

374 4515 416 4603 τῇ
445 4505 641 4641 χαλεπότητι
668 4516 722 4583 καὶ
745 4510 797 4583 ὅτι
817 4539 856 4585 ου
875 4514 958 4583 κατά
974 4514 1051 4594 τοὺς
1069 4512 1188 4597 άλλους
1206 4520 1282 4597 τοὺς
1300 4512 1403 4610 ταάτη
1420 4524 1505 4638 βαρ-

374 4606 497 4705 βάρους
528 4618 561 4687 οἱ
580 4610 692 4700 Ἰνδοὶ,
718 4610 801 4687 άλλά
819 4616 905 4687 πολὺ
900 4611 1000 4745 33
984 4644 1017 4688 τι
1036 4612 1250 4708 ἀλκιμώτατοι
1267 4647 1332 4691 των
1350 4614 1504 4746 προσχά-

375 4742 440 4807 ρων
470 4718 558 4789 εἰσίν.
586 4711 793 4838 Ἑξώσθηοαν
822 4721 860 4790 33
888 4721 940 4790 καί
960 4714 1050 4793 οὗτοι
1069 4717 1138 4795 άπὺ
1156 4726 1217 4796 τοὺ
1235 4716 1336 4816 ὅρους
1353 4718 1421 4795 ὑπὸ
1440 4724 1505 4810 τοῖν
