3617 5892
944 714 984 775 10

404 908 476 952 rum
502 886 605 953 studia
633 886 885 951 Ptolemaeorum
912 895 1013 951 aetate
1036 880 1244 948 Alexandriae
1271 892 1308 945 nt
1337 881 1428 947 nullo
1456 882 1532 947 laco

405 993 505 1079 magis
526 992 677 1080 riguisse,
701 994 838 1079 quiscat
857 993 914 1077 qui
935 988 1077 1056 nescisti
1099 988 1161 1053 Sed
1178 1009 1214 1053 ea
1234 986 1311 1051 licet
1325 986 1531 1073 Philadelphi

403 1098 571 1183 inprimis
600 1118 695 1182 opera
721 1098 915 1161 incrementa
946 1097 1066 1181 cepisse
1097 1104 1220 1159 constat
1250 1094 1393 1180 altasque
1426 1094 1529 1179 egisse

404 1202 543 1283 radicem
566 1204 642 1290 Legi
659 1215 764 1267 tamen
779 1200 847 1265 lilio
863 1202 916 1267 hic
933 1202 1060 1266 omnino
1077 1200 1212 1265 debetur
1229 1199 1350 1278 honos,
1374 1210 1409 1265 ut
1426 1199 1469 1263 ab
1491 1220 1527 1263 eo

403 1332 467 1375 uno
498 1311 574 1374 tanti
602 1308 717 1394 vigoris
754 1318 913 1393 repetatur
944 1308 1149 1393 principium.
1161 1303 1187 1393 1)
1230 1306 1360 1371 Summo
1388 1305 1529 1391 flagrans
1637 1356 1638 1371 .

403 1415 565 1480 literarum
580 1435 705 1492 amore,
724 1415 872 1478 comitate
888 1426 920 1478 ct
937 1410 1153 1479 munificentia
1167 1412 1363 1478 doctissimos
1380 1432 1529 1498 quosque
1637 1460 1638 1467 .

402 1521 505 1600 viros,
537 1518 760 1604 philosophos,
794 1527 923 1605 poetas,
959 1516 1207 1606 grammaticos,¹
1230 1518 1327 1583 facile
1354 1516 1467 1581 allexit
1494 1527 1529 1581 et

401 1626 527 1691 liberali
552 1624 780 1691 consuetudine
808 1625 867 1689 sihi
892 1624 1044 1693 devinxit.
1054 1621 1081 1709 ²)
1117 1624 1159 1689 At
1186 1624 1260 1689 nolo
1283 1623 1403 1689 diutius
1430 1624 1463 1686 in
1491 1645 1528 1687 re

401 1733 561 1796 notissima
588 1728 760 1797 immorari.
795 1733 862 1796 Hoc
893 1742 1014 1797 tantum
1041 1731 1143 1810 addo,
1166 1729 1317 1817 Lagidam
1337 1727 1528 1793 lortitudine

401 1849 434 1902 et
458 1836 627 1901 clementia
654 1836 833 1916 inhostes,
864 1838 899 1900 in
927 1836 1069 1902 subditos
1097 1838 1257 1923 aequitate
1280 1848 1312 1901 et
1330 1835 1527 1899 humanitate

399 1964 524 2029 semper
551 1943 727 2029 insignem,
769 1943 856 2029 pacis
885 1943 1030 2029 bellique
1063 1943 1183 2007 artibus
1216 1964 1320 2029 aeque
1349 1942 1524 2027 intentum,

399 2060 565 2134 praeterea
592 2049 787 2133 temporibus
814 2050 974 2135 sapienter
999 2050 1047 2113 uti
1074 2049 1223 2129 solitum,
1247 2047 1407 2136 quidquid
1424 2058 1526 2111 terra-

400 2176 471 2219 rum
499 2156 528 2218 oi
549 2165 675 2240 pareret
696 2154 737 2219 ad
761 2177 918 2219 summum
942 2157 1080 2220 evexisse
1102 2155 1190 2219 floris
1210 2167 1243 2219 et
1260 2154 1421 2219 felicitatis
1440 2154 1525 2219 lasti·

401 2262 499 2349 glum
531 2262 637 2348 Atque
656 2262 700 2325 ite
720 2282 822 2347 quum
837 2268 978 2325 extrema
995 2271 1158 2326 senectute
1177 2262 1241 2325 otio
1259 2262 1332 2325 satis
1351 2259 1524 2347 tranquillo

399 2368 578 2448 frueretur,
602 2368 749 2433 omnihus
774 2368 893 2451 pariter
914 2366 1049 2432 dilectus
1070 2368 1149 2432 ohiit
1169 2390 1197 2433 a.
1219 2369 1307 2446 283,
1332 2368 1441 2431 aetatis
1461 2368 1523 2445 84,

400 2474 491 2558 regni
510 2474 571 2551 ll),
592 2494 692 2559 quum
709 2470 838 2536 hiennio
854 2485 927 2537 ante
945 2474 1123 2539 Ptolemaeo
1140 2473 1226 2554 filio,
1247 2474 1434 2561 cognomine
1451 2471 1526 2537 Phi·

400 2576 567 2665 ladelpho,
591 2601 727 2666 regnum
744 2579 937 2666 tradidisset.
949 2579 974 2666 ⁸)

442 2684 491 2749 Ad
519 2687 736 2773 quaestionem
767 2686 1003 2751 transeuntibus
1033 2686 1073 2749 de
1093 2682 1374 2769 commentariis,⁴)
1402 2684 1525 2769 quihus

400 2813 449 2856 res
474 2792 645 2857 Alexandri
672 2804 773 2878 gestas
798 2791 998 2855 Ptolemaeus
1027 2790 1214 2876 descripsit,
1233 2792 1373 2887 'dubium
1393 2788 1526 2877 quidem

405 3084 410 3093 ’
434 3089 461 3158 1)
479 3092 544 3156 Quid
566 3093 597 3142 de
619 3091 749 3142 literarum
770 3093 859 3143 studiis
887 3095 1064 3160 promovendis
1087 3095 1248 3147 Ptolemaeus
1270 3094 1362 3161 Lagidu
1384 3096 1523 3159 meruerit,

399 3179 537 3231 ostendunt
551 3179 664 3228 Stehrius
681 3178 792 3228 Aristot.
809 3180 833 3228 ΙΙ
851 3196 876 3245 p.
894 3178 929 3228 57
945 3196 1000 3245 sqq.
1016 3186 1043 3231 et
1058 3184 1162 3232 Geierus
1175 3200 1199 3248 p.
1214 3182 1248 3232 62
1260 3199 1315 3247 sqq.

433 3274 460 3341 2)
478 3277 571 3327 ilerum
588 3276 729 3326 nominasse
748 3276 856 3325 sufficiat
872 3278 1026 3326 Phaleream
1044 3280 1216 3342 Demetrium,
1235 3268 1354 3350 πρῶτον
1365 3266 1426 3328 τῶν
1438 3268 1522 3328 Πτο-

398 3362 520 3446 λεμαίου
541 3355 637 3446 (plicat
657 3378 755 3428 dictum
775 3379 915 3447 (Plutarch.
933 3382 963 3430 de
976 3383 1066 3433 Easa'l,
1081 3380 1202 3447 011),οο
1216 3385 1290 3448 cujus
1306 3400 1365 3433 cum
1378 3383 1524 3434 Ptolemaeo

399 3471 583 3539 consuetudine
599 3470 699 3533 legatur
711 3471 782 3533 Diog.
800 3472 880 3521 hadri.
896 3474 926 3521 V.
940 3471 965 3521 5.
980 3470 1013 3521 78
1023 3489 1069 3536 sq,
1088 3473 1131 3522 uhi
1147 3474 1221 3523 etiam
1231 3476 1298 3525 inter
1313 3493 1390 3542 opera
1403 3475 1525 3525 Demetrii
1634 3522 1635 3527 ,

397 3567 492 3616 librum
506 3575 622 3618 recenset
638 3556 826 3635 Πτολεμαῖον
841 3567 994 3631 inscriptum
1009 3568 1054 3634 (01.
1067 3569 1171 3617 Gelerus
1184 3586 1210 3634 p.
1228 3568 1262 3620 61
1275 3569 1350 3635 sqq.l;
1368 3570 1524 3620 Theodoram

401 3658 567 3723 Cyrenaicum
589 3662 670 3727 (illog.
695 3662 776 3711 hadri.
799 3660 833 3708 11.
855 3659 880 3709 8.
907 3656 955 3707 101
981 3674 1035 3723 sq.;
1064 3659 1193 3711 Plutarch.
1212 3661 1230 3710 l.
1249 3663 1267 3711 l.
1285 3663 1355 3720 xvh
1374 3664 1425 3711 (lic.
1446 3662 1525 3711 Tasc.

399 3746 476 3808 θὼρ.
496 3746 517 3795 Ι.
533 3744 656 3812 10102,
674 3749 704 3799 V.
719 3744 854 3804 10.117.);
880 3745 1020 3807 sulpeum
1037 3748 1227 3811 Megarmssem,
1241 3749 1285 3812 qni
1297 3749 1404 3813 primurn
1419 3752 1525 3797 rocatm

398 3846 452 3881 nou
474 3832 543 3882 venit
564 3834 645 3900 (Βίοις.
667 3835 748 3884 heiti.
772 3835 806 3884 11.
832 3830 873 3883 12,
893 3829 973 3897 sse),
991 3831 1034 3881 sed
1053 3837 1139 3896 postea
1156 3834 1293 3883 Ptolemaei
1310 3835 1430 3899 precibus
1446 3835 1526 3883 cessit

400 3917 442 3982 (11.
461 3916 503 3967 11.
522 3916 581 3983 111,
599 3918 640 3969 12.
660 3916 729 3985 115.)
747 3921 853 3984 ejusque
871 3919 974 3967 nomine
984 3919 1134 3983 inscriptum
1150 3919 1277 3985 dialogum
1287 3921 1367 3971 edidit
1375 3921 1430 3989 (tl.
1441 3918 1522 3985 120.);

400 4004 530 4053 Philotam
553 4008 643 4070 Coum,
666 4007 712 4070 qui
733 4005 871 4058 Ptolemaei
893 4004 1053 4070 Philadelphi
1076 4005 1125 4053 luit
1142 4012 1289 4072 praeceptor
1306 4007 1384 4073 (Suid.
1404 4023 1423 4059 s.
1442 4024 1465 4057 r.
1485 4009 1525 4057 111
1632 4062 1633 4073 ,

399 4106 425 4154 p.
442 4088 501 4142 600.
520 4091 556 4139 01.
574 4092 678 4140 Geierus
693 4106 718 4156 p.
735 4090 803 4155 60.);
822 4092 979 4141 Zenodotom
997 4092 1153 4155 spasmum,
1165 4094 1218 4163 ¹cui
1235 4100 1262 4143 ct
1279 4094 1417 4143 liberorum
1435 4093 1525 4144 Ptole·

399 4177 464 4226 maei
480 4177 607 4226 institutio
625 4181 651 4226 et
667 4177 837 4226 hihliothecue
856 4177 971 4227 custodia
988 4178 1037 4227 luit
1052 4178 1169 4228 mundata
1187 4179 1264 4244 (Suid.
1283 4196 1303 4231 s.
1322 4196 1345 4230 v.
1365 4181 1389 4229 ll
1407 4196 1432 4244 p.
1447 4177 1471 4228 7.
1484 4180 1523 4230 01.

400 4262 504 4313 Geierus
521 4264 540 4314 l.
557 4262 597 4329 1.).
613 4265 753 4313 Menandri
774 4280 876 4329 quoque
898 4264 989 4314 comici
1006 4266 1095 4328 poetae
1113 4270 1282 4315 memorantur
1299 4268 1331 4316 ed
1348 4267 1524 4318 Ptolemaeum

401 4349 543 4412 Epistolas.
560 4350 618 4401 Vid.
635 4352 704 4402 Suid.
722 4367 743 4401 s.
762 4367 786 4401 r.
804 4350 830 4401 11
846 4368 872 4418 p.
889 4349 938 4400 531
957 4356 984 4400 et
1001 4350 1095 4401 liudoc.
1112 4368 1138 4416 p.
1154 4350 1213 4403 302.

420 4431 460 4497 -3)
477 4438 541 4488 Vide
557 4453 632 4505 snpra
646 4454 671 4505 p.
689 4436 715 4489 0.

434 4530 460 4596 1)
479 4536 532 4598 Quo
550 4538 626 4588 titulo
646 4537 805 4589 Ptolemaeus
828 4517 867 4584 eei
887 4520 955 4605 περὶ
973 4516 1162 4604 Ἀλεξανδρον
1178 4532 1301 4596 ediderit,
1321 4534 1459 4595 ignoratur.
1488 4533 1525 4583 lix

401 4626 508 4679 Arriano
530 4629 594 4679 nihil
614 4637 710 4683 temere
727 4627 947 4689 concludendum,
967 4628 1011 4690 qui
1031 4632 1060 4675 ut
1077 4627 1118 4675 ad·
1135 4625 1309 4690 Xenophontis
1331 4625 1472 4689 exemplum
1495 4638 1524 4673 sc

401 4735 551 4790 componere
563 4725 674 4790 studuit,
685 4728 719 4778 ita
730 4726 761 4775 ab
770 4724 819 4776 hoc
828 4724 904 4779 etiam
921 4705 1104 4791 Ἀναβάσεως
1122 4721 1223 4772 titulum
1236 4724 1322 4787 aperte
1336 4720 1446 4785 accepit.
